% Encoding: UTF-8


@inproceedings{Tog+2019,
	author    = {Togninalli, M. and Ghisu, E. and
	Llinares{-}L{\'{o}}pez, F. and Rieck, B. and
	Borgwardt, K. M.},
	title     = {Wasserstein Weisfeiler-Lehman Graph Kernels},
	booktitle = {Advances in Neural Information Processing Systems},
	pages     = {6436--6446},
	year      = {2019}
}

@inproceedings{Rie+2019,
	author    = {Rieck, B. and Bock, C. and Borgwardt, K. M.},
	title     = {A Persistent Weisfeiler-Lehman Procedure for Graph Classification},
	booktitle = {International Conference on Machine Learning},
	pages     = {5448--5458},
	year      = {2019}
}

@InProceedings{Ahm+2016,
  Title                    = {Estimation of Local Subgraph Counts},
  Author                   = {Ahmed, N. K. and Willke, T. and Rossi, R. A.},
  Booktitle                = {IEEE International Conference on Big Data},
  Year                     = {2016},
  Pages                    = {1--10},
}

@inproceedings{Hei+2019,
	author    = {Heimann, M. and
	 Safavi, T. and
	 Koutra, D.},
	title     = {Distribution of Node Embeddings as Multiresolution Features for Graphs},
	booktitle = {{IEEE} International Conference on Data Mining},
	pages     = {289--298},
	year      = {2019}
}


@InProceedings{Du+2019,
	title = {Graph Neural Tangent Kernel: Fusing Graph Neural Networks with Graph Kernels},
	author = {Du, S. S. and Hou, K. and Salakhutdinov, R. R. and Poczos, B. and Wang, R. and Xu, K.},
	booktitle = {Advances in Neural Information Processing Systems 32},
	pages = {5723--5733},
	year = {2019}
}


@Article{Ast+2013,
	Title                    = {Sherali-Adams Relaxations and Indistinguishability in Counting Logics},
	Author                   = {Atserias, A. and Maneva, E. N.},
	Journal                  = {{SIAM} Journal on Computing},
	Year                     = {2013},
	Number                   = {1},
	Pages                    = {112--137},
	Volume                   = {42}
}


@InProceedings{Aio+2015,
  Title                    = {Multiple Graph-Kernel Learning},
  Author                   = {Aiolli, F. and Donini, M. and Navarin, N. and Sperduti, A.},
  Booktitle                = {IEEE Symposium Series on Computational Intelligence},
  Year                     = {2015},
  Pages                    = {1607--1614},

  Keywords                 = {kernel}
}

@InProceedings{Allamanis2018,
  Title                    = {Learning to Represent Programs with Graphs},
  Author                   = {Allamanis, M. and Brockschmidt, M. and Khademid, M.},
  Booktitle                = {International Conference on Learning Representation},
  Year                     = {2018},

  Keywords                 = {deep},
  Owner                    = {chris},
  Timestamp                = {2018.02.26}
}

@InProceedings{Del+2018,
	Title                    = {Lov{\'{a}}sz Meets {W}eisfeiler and {L}eman},
	Author                   = {H. Dell and M. Grohe and G. Rattan},
	Booktitle                = {International Colloquium on Automata, Languages, and Programming},
	Year                     = {2018},
	Pages                    = {40:1--40:14}
}

@Article{Ats+2019,
	Title                    = {Quantum and non-signalling graph isomorphisms},
	Author                   = {A. Atserias and L Mancinska and D. E. Roberson and R. S{\'{a}}mal and S. Severini and A. Varvitsiotis},
	Journal                  = {Journal of Combinatorial Theory, Series B},
	Year                     = {2019},
	Pages                    = {289--328},
	Volume                   = {136}
}


@Article{Cha+11,
	Title                    = {{{LIBSVM}}: {A} library for support vector machines},
	Author                   = {Chang, C.-C. and Lin, C.-J.},
	Journal                  = {ACM Transactions on Intelligent Systems and Technology},
	Year                     = {2011},
	Note                     = {ACM},
	Pages                    = {27:1--27:27},
	Volume                   = {2},
	
	Issue                    = {3}
}

@Article{Mck+2014,
	Title                    = {Practical Graph Isomorphism, II},
	Author                   = {McKay, B. D. and Piperno, A.},
	Journal                  = {Journal of Symbolic Computation},
	Year                     = {2014},
	Note                     = {Elsevier},
	Pages                    = {94--112},
	Volume                   = {60}
}

@InProceedings{Pre+2009,
	Title                    = {Fast Algorithm for Graph Isomorphism Testing},
	Author                   = {L{\'o}pez-Presa, J. L.
	and Fern{\'a}ndez Anta, A.},
	Booktitle                = {Experimental Algorithms},
	Year                     = {2009},
	Pages                    = {221--232},
}

@InProceedings{Gro+2012,
	Title                    = {Pebble games and linear equations},
	Author                   = {Grohe, M. and Otto, M.},
	Booktitle                = {International Workshop on Computer Science Logic},
	Year                     = {2012},
	Series                   = {LIPIcs},
	Volume                   = {16}
}

@article{Xu+2018b,
	author    = {Xu, K. and
	Hu, W. and
	Leskovec, J. and
	Jegelka, S.},
	title     = {How Powerful are Graph Neural Networks?},
	journal   = {International Conference on Learning Representations},
	year      = {2019}
}


@article{Fey+2019,
	author    = {Fey, M. and Lenssen, J. E.},
	title     = {Fast Graph Representation Learning with PyTorch Geometric},
	journal   = {CoRR},
	volume    = {abs/1903.02428},
	year      = {2019}
}


@article{Aro+2019,
  author    = {S. Arora and
               S. S. Du and
               W. Hu and
               Z. Li and
               R. Salakhutdinov and
               R. Wang},
  title     = {On Exact Computation with an Infinitely Wide Neural Net},
  journal   = {CoRR},
  volume    = {abs/1904.11955},
  year      = {2019}
}


@article{Kir+1995,
author = {Kireev, D. B.},
title = {ChemNet: A Novel Neural Network Based Method for Graph/Property Mapping},
journal = {Journal of Chemical Information and Computer Sciences},
volume = {35},
note = {ACS},
number = {2},
pages = {175-180},
year = {1995}
}

@article{Spe+1997,
  title={Supervised neural networks for the classification of structures},
  author={A. Sperduti and A. Starita},
  journal={IEEE Transactions on Neural Networks},
  note= {IEEE},
  year={1997},
  volume={8},
  number={2},
  pages={714--35}
}


@article{Mor+2019b,
  author    = {Morris, C. and Mutzel, P.},
  title     = {Towards a practical $k$-dimensional Weisfeiler-Leman algorithm},
  journal   = {CoRR},
  volume    = {abs/1904.01543},
  year      = {2019}
}


@Book{Bus+1965,
  Title                    = {Finite graphs and networks: an introduction with applications},
  Author                   = {Busacker, R. G. and Saaty, T. L.},
  Publisher                = {McGraw-Hill},
  Year                     = {1965}
}


@Book{Val2002,
  Title                    = {Algorithms on Trees and Graphs},
  Author                   = {Valiente, G.},
  Publisher                = {Springer},
  Year                     = {2002}
}

@inproceedings{bai2014graph,
  title={A graph kernel from the depth-based representation},
  author={Bai, L. and Ren, P. and Bai, X. and Hancock, E. R.},
  booktitle={Joint IAPR International Workshops on Statistical Techniques in Pattern Recognition and Structural and Syntactic Pattern Recognition},
  pages={1--11},
    series    = {Lecture Notes in Computer Science},
    volume    = {8621},
  year={2014}
}


@Article{Loosli2015,
author={G. {Loosli} and S. {Canu} and C. S. {Ong}},
journal={IEEE Transactions on Pattern Analysis and Machine Intelligence},
title={Learning SVM in Kreĭn Spaces},
year={2016},
volume={38},
number={6},
pages={1204-1216}, 
}

@inproceedings{Woznica2010,
  Title                    = {Adaptive Matching Based Kernels for Labelled Graphs},
  Author                   = {Woźnica, A. and Kalousis, A. and Hilario, M.	},
  Booktitle                = {Advances in Knowledge Discovery and Data Mining},
  Year                     = {2010},
  Pages                    = {374-385}
}	

@Article{Ramon2001,
  Title                    = {A polynomial time computable metric between point sets},
  Author                   = {Ramon, J. and Bruynooghe, M.},
  Journal                  = {Acta Informatica},
  Year                     = {2001},
note = {Springer}, 

  Month                    = {Jul},
  Number                   = {10},
  Pages                    = {765--780},
  Volume                   = {37}
}		

@InCollection{Pachauri2013,
  Title                    = {Solving the multi-way matching problem by permutation synchronization},
  Author                   = {Pachauri, D. and Kondor, R. and Singh, V.},
  Booktitle                = {Advances in Neural Information Processing Systems},
  publisher = {NIPS},
  Year                     = {2013},
  Pages                    = {1860--1868}
}

@InProceedings{Schiavinato2015,
  Title                    = {Transitive Assignment Kernels for Structural Classification},
  Author                   = {Schiavinato, M. and Gasparetto, A. and Torsello, A.},
  Booktitle                = {Similarity-Based Pattern Recognition: Third International Workshop},
    series    = {Lecture Notes in Computer Science},
    volume    = {9370},
    publisher = {Springer},
  Year                     = {2015},  Pages                    = {146--159}
}



@PhdThesis{And+2008,
  Title                    = {Nearest Neighbor Search: {T}he Old, the New, and the Impossible},
  Author                   = {Andoni, A.},
  School                   = {MIT},
  Year                     = {2009},
  Type                     = {Ph.D.~thesis}
}

@InProceedings{Arv+2015,
  Title                    = {On the Power of Color Refinement},
  Author                   = {Arvind, V. and K{\"{o}}bler, J. and Rattan, G. and Verbitsky, O.},
  Booktitle                = {International Symposium on Fundamentals of Computation Theory},
  Year                     = {2015},
  Pages                    = {339--350}
}

@InProceedings{Gra+2006,
  Title                    = {Approximate Correspondences in High Dimensions},
  Author                   = {Grauman, K. and Darrell, T.},
  Booktitle                = {Advances in Neural Information Processing Systems},
  publisher = {NIPS},
  Year                     = {2007},
  Pages                    = {505--512}
}
1

@Article{AtseriasM13,
  author    = {Albert Atserias and Elitza N. Maneva},
  title     = {Sherali-Adams Relaxations and Indistinguishability in Counting Logics},
  journal   = {{SIAM} J. Comput.},
  year      = {2013},
  volume    = {42},
  number    = {1},
  pages     = {112--137}
}

@InCollection{Atw+2016,
  Title                    = {Diffusion-Convolutional Neural Networks},
  Author                   = {Atwood, J., and Towsley, D.},
  Booktitle                = {Advances in Neural Information Processing Systems},
  Year                     = {2016},
  Pages                    = {1993--2001},

  Keywords                 = {deep}
}

@InProceedings{Bab+2016,
  Title                    = {Graph isomorphism in quasipolynomial time},
  Author                   = {Babai, L.},
  Booktitle                = {{ACM} {SIGACT} Symposium on Theory
 of Computing},
  Year                     = {2016},
  Pages                    = {684--697}
}

@Article{Bab+1980,
  Title                    = {Random Graph Isomorphism},
  Author                   = {Babai, L. and Erd\H{o}s, P. and Selkow, S. M.},
  Journal                  = {SIAM Journal on Computing},
  Year                     = {1980},
  Number                   = {3},
  Pages                    = {628--635},
  Volume                   = {9}
}

@Article{Babai1980,
  Title                    = {Random Graph Isomorphism},
  Author                   = {Babai, L. and Erd\H{o}s, P. and Selkow, S. M.},
  Journal                  = {SIAM Journal on Computing},
  Year                     = {1980},
  Number                   = {3},
  Pages                    = {628--635},
  Volume                   = {9}
}

@InProceedings{Bab+1979,
  Title                    = {Canonical Labelling of Graphs in Linear Average Time},
  Author                   = {Babai, L. and Kucera, L.},
  Booktitle                = {Symposium on Foundations of Computer Science},
  Year                     = {1979},
  publisher = {IEEE},
  Pages                    = {39--46}
}

@InProceedings{Babai1979,
  Title                    = {Canonical Labelling of Graphs in Linear Average Time},
  Author                   = {Babai, L. and Kucera, L.},
  Booktitle                = {Annual Symposium on Foundations of Computer Science},
  Year                     = {1979},
  Pages                    = {39--46}
}

@InProceedings{Bac+2008,
  Title                    = {Graph Kernels Between Point Clouds},
  Author                   = {Bach, F. R.},
  Booktitle                = {International Conference on Machine Learning},
  Year                     = {2008},

  Keywords                 = {kernel}
}

@InProceedings{Bai+2015,
  Title                    = {An Aligned Subtree Kernel for Weighted Graphs},
  Author                   = {L. Bai and L. Rossi and Z. Zhang and E. R. Hancock},
  Booktitle                = {International Conference on Machine Learning},
  Year                     = {2015},
  Pages                    = {30--39},
publisher = {PMLR},
  __markedentry            = {[morris:6]},
  Keywords                 = {kernel}
}

@InProceedings{Bai2015,
  Title                    = {An Aligned Subtree Kernel for Weighted Graphs},
  Author                   = {L. Bai and L. Rossi and Z. Zhang and E. R. Hancock},
  Booktitle                = {32nd International Conference on Machine Learning},
  Year                     = {2015},
  Pages                    = {30--39}
}

@Article{Sha+2010,
  Title                    = {Every Minor-Closed Property of Sparse Graphs is Testable},
  Author                   = {Benjamini, I. and Schramm, O. and Shapira, A.},
  Journal                  = {Advances in Mathematics},
  Year                     = {2010},
  Number                   = {6},
  Pages                    = {2200--2218},
  Volume                   = {223},
  note = {Elsevier}
}

@InProceedings{Ber+2013,
  Title                    = {Tight Lower and Upper Bounds for the Complexity of Canonical Colour Refinement},
  Author                   = {Berkholz, C. and Bonsma, P. S. and Grohe, M.},
  Booktitle                = {Annual European Symposium on Algorithms},
  Year                     = {2013},
  Pages                    = {145--156}
}

@Article{Boe+2017,
  Title                    = {Output-sensitive complexity of multiobjective combinatorial optimization},
  Author                   = {Bökler, F. and Ehrgott, M. and Morris, C. and Mutzel, P.},
  Journal                  = {Journal of Multi-Criteria Decision Analysis},
  Year                     = {2017},
  Number                   = {1-2},
  Pages                    = {25-36},
  Volume                   = {24},
    note = {Wiley}
}

@Article{Bol+2006,
  Title                    = {Graph fibrations, graph isomorphism, and PageRank},
  Author                   = {Boldi, P. and Lonati, V. and Santini, M. and Vigna, S.},
  Journal                  = {{ITA}},
  Year                     = {2006},
  Number                   = {2},
  Pages                    = {227--253},
  Volume                   = {40}
}

@PhdThesis{Bor+2007,
  Title                    = {Graph kernels},
  Author                   = {Borgwardt, K. M.},
  School                   = {Ludwig Maximilians University Munich},
  Year                     = {2007},
  Type                     = {PhD~thesis},

  Keywords                 = {kernel},
  Owner                    = {morris},
  Timestamp                = {2017.12.19}
}

@InProceedings{Bor+2005,
  Title                    = {Shortest-path kernels on graphs},
  Author                   = {Borgwardt, K. M. and Kriegel, H.-P.},
  Booktitle                = {IEEE International Conference on Data Mining},
  Year                     = {2005},
  Pages                    = {74--81},

  __markedentry            = {[morris:6]},
  Keywords                 = {kernel}
}

@Article{Bor+2005a,
  Title                    = {Protein function prediction via graph kernels.},
  Author                   = {K. M. Borgwardt and C. S. Ong and S. Sch\"onauer and S. V. N. Vishwanathan and A. J. Smola and H.-P. Kriegel},
  Journal                  = {Bioinformatics},
  Year                     = {2005},
  Number                   = {Supplement 1},
  Pages                    = {i47--i56},
  Volume                   = {21},

  __markedentry            = {[morris:6]},
  Keywords                 = {kernel}
}

@Article{Borgwardt2005a,
  Title                    = {Protein function prediction via graph kernels.},
  Author                   = {K. M. Borgwardt and C. S. Ong and S. Sch\"onauer and S. V. N. Vishwanathan and A. J. Smola and H.-P. Kriegel},
  Journal                  = {Bioinformatics},
  Year                     = {2005},
  Number                   = {Supplement 1},
  Pages                    = {i47--i56},
  Volume                   = {21}
}

@InProceedings{Bos+2016,
  Title                    = {Learning Shape Correspondence with Anisotropic Convolutional Neural Networks},
  Author                   = {Boscaini, D. and Masci, J. and Rodol{\`{a}}, E. and Bronstein M.},
  Booktitle                = {Advances in Neural Information Processing Systems},
  Year                     = {2016},
  Pages                    = {3189--3197},

  Keywords                 = {deep}
}

@InProceedings{Bre+2017,
  Title                    = {Counting Graphlets: Space vs Time},
  Author                   = {Bressan, M. and Chierichetti, F. and Kumar, R. and Leucci, S. and Panconesi, A.},
  Booktitle                = {ACM International Conference on Web Search and Data Mining},
  Year                     = {2017},
  Pages                    = {557--566}
}

@InProceedings{Bron+2017,
  Title                    = {Geometric Deep Learning: Going beyond Euclidean data},
  Author                   = {Bronstein, M. M. and Bruna, J. and LeCun, Y. and Szlam, A. and Vandergheynst, P.},
  Booktitle                = {{IEEE} Signal Processing Magazine},
  Year                     = {2017},
  Pages                    = {18--42},

  Keywords                 = {deep}
}

@InProceedings{Bru+2014,
  Title                    = {Spectral Networks and Deep Locally Connected Networks on Graphs},
  Author                   = {Bruna, J. and Zaremba, W. and Szlam, A. and LeCun, Y.},
  Booktitle                = {International Conference on Learning Representation},
  Year                     = {2014},

  Keywords                 = {deep}
}

@Article{Cai+1992,
  Title                    = {An optimal lower bound on the number of variables for graph identifications},
  Author                   = {J. Cai and M. F{\"{u}}rer and N. Immerman},
  Journal                  = {Combinatorica},
  Year                     = {1992},
  Number                   = {4},
  Pages                    = {389--410},
  Volume                   = {12}
}

@Article{Cai1992,
  Title                    = {An optimal lower bound on the number of variables for graph identifications},
  Author                   = {J. Cai and M. F{\"{u}}rer and N. Immerman},
  Journal                  = {Combinatorica},
  Year                     = {1992},
  Number                   = {4},
  Pages                    = {389--410},
  Volume                   = {12}
}


@Article{Cha+2011,
  Title                    = {{LIBSVM}: {A} library for support vector machines},
  Author                   = {Chang, C.-C. and Lin, C.-J.},
  Journal                  = {ACM Transactions on Intelligent Systems and Technology},
  Year                     = {2011},
  Note                     = {ACM, Software available at \url{http://www.csie.ntu.edu.tw/~cjlin/libsvm}},
  Pages                    = {27:1--27:27},
  Volume                   = {2},
  Issue                    = {3},

}


@Article{Cha+2008,
  Title                    = {Coordinate Descent Method for Large-scale L2-loss Linear Support Vector Machines},
  Author                   = {Chang, K.-W. and Hsieh, C.-J. and Lin, C.-J.},
  Journal                  = {Journal of Machine Learning Research},
  note = {JMLR},
  Year                     = {2008},
  Pages                    = {1369--1398},
  Volume                   = {9}
}

@InProceedings{Che+2018,
  Title                    = {FastGCN: Fast Learning with Graph Convolutional Networks via Importance Sampling},
  Author                   = {Chen, J. and Ma, T. and Xiao, C.},
  Booktitle                = {International Conference on Learning Representation},
  Year                     = {2018},

  Keywords                 = {deep},
  Owner                    = {chris},
  Timestamp                = {2018.02.26}
}

@Article{Che+2016,
  Title                    = {A General Framework for Estimating Graphlet Statistics via Random Walk},
  Author                   = {Chen, X. and Li, Y. and Wang, P. and Lui, J. C. S.},
  Journal                  = {VLDB Endowment},
  note = {VLDB},
  Year                     = {2016},

  Month                    = {11},
  Number                   = {3},
  Pages                    = {253--264},
  Volume                   = {10}
}

@InProceedings{Chi+2016,
  Title                    = {Parallel Dual Coordinate Descent Method for Large-scale Linear Classification in Multi-core Environments},
  Author                   = {Chiang, W.-L. and Lee, M.-C. and Lin, C.-J.},
  Booktitle                = {ACM SIGKDD International Conference on Knowledge Discovery and Data Mining},
  Year                     = {2016},
  Pages                    = {1485--1494}
}

@InProceedings{Cos+2010,
  Title                    = {Fast Neighborhood Subgraph Pairwise Distance Kernel},
  Author                   = {Costa, F. and De Grave, K.},
  Booktitle                = {International Conference on Machine Learning},

  Year                     = {2010},
  Pages                    = {255--262}
}

@InProceedings{Mar+2012,
  Title                    = {A Tree-Based Kernel for Graphs},
  Author                   = {Da San Martino, G. and Navarin, N. and Sperduti, A.},
  Booktitle                = {SIAM International Conference on Data Mining},
  Year                     = {2012},

  Pages                    = {975--986},

  Keywords                 = {kernel}
}

@InProceedings{Mar+2012a,
  Title                    = {A memory efficient graph kernel},
  Author                   = {Da San Martino, G. and Navarin, N. and Sperduti, A.},
  Booktitle                = {International Joint Conference on Neural Networks},
  Year                     = {2012},
  Pages                    = {1--7},

  Keywords                 = {kernel}
}

@InProceedings{Dai+2016,
  Title                    = {Discriminative Embeddings of Latent Variable Models for Structured Data},
  Author                   = {Dai, H. and Dai, B. and Song, L.},
  Booktitle                = {International Conference on Machine Learning},
  Year                     = {2016},
  Pages                    = {2702--2711},

  Keywords                 = {deep}
}

@InProceedings{Dai+2018,
  Title                    = {Adversarial Attack on Graph Structured Data},
  Author                   = {Dai, H. and Li, H. and Tian, T. and Huang, X. and Wang, L. and Zhu, J. and Song, L.},
  Booktitle                = {International Conference on Machine Learning},
  Year                     = {2018},
  Pages                    = {1115--1124}
}

@InProceedings{Dat+2004,
  Title                    = {Locality-sensitive hashing scheme based on $p$-stable distributions},
  Author                   = {Datar, M. and Immorlica, N. and Indyk, P. and Mirrokni, V. S.},
  Booktitle                = {ACM Symposium on Computational Geometry},

  Year                     = {2004},
  Pages                    = {253--262}
}

@InProceedings{Datar2004,
  Title                    = {Locality-sensitive hashing scheme based on $p$-stable distributions},
  Author                   = {Datar, M. and Immorlica, N. and Indyk, P. and Mirrokni, V. S.},
  Booktitle                = {ACM Symposium on Computational Geometry},
  Year                     = {2004},
  Pages                    = {253--262}
}

@InProceedings{Datar2004a,
  Title                    = {Locality-sensitive hashing scheme based on $p$-stable distributions},
  Author                   = {Datar, M. and Immorlica, N. and Indyk, P. and Mirrokni, V. S.},
  Booktitle                = {ACM Symposium on Computational Geometry},
  Year                     = {2004},
  Pages                    = {253--262}
}

@Article{Deb+1991,
  Title                    = {Structure-activity relationship of mutagenic aromatic and heteroaromatic nitro compounds. Correlation with molecular orbital energies and hydrophobicity},
  Author                   = {Debnath, A. K. and Lopez de Compadre, R. L. and Debnath, G. and Shusterman, A. J. and Hansch, C.},
  Journal                  = {Journal of Medicinal Chemistry},
  Year                     = {1991},
  Number                   = {2},
  Pages                    = {786--797},
  Volume                   = {34},
  note = {ACS}
}

@Article{Debnath1991,
  Title                    = {Structure-activity relationship of mutagenic aromatic and heteroaromatic nitro compounds. Correlation with molecular orbital energies and hydrophobicity},
  Author                   = {Debnath, A. K. and Lopez de Compadre, R. L. and Debnath, G. and Shusterman, A. J. and Hansch, C.},
  Journal                  = {Journal of Medicinal Chemistry},
  Year                     = {1991},
  Number                   = {2},
  Pages                    = {786--797},
  Volume                   = {34},

  __markedentry            = {[morris:6]},
  Keywords                 = {kernel}
}

@InProceedings{Def+2015,
  Title                    = {Convolutional Neural Networks on Graphs with Fast Localized Spectral Filtering},
  Author                   = {Defferrard, M. and Bresson X. and Vandergheynst, P.},
  Booktitle                = {Advances in Neural Information Processing Systems},
  Year                     = {2016},
  Pages                    = {3844--3852},


  Keywords                 = {deep}
}

@InProceedings{Defferrard2016,
  Title                    = {Convolutional Neural Networks on Graphs with Fast Localized Spectral Filtering},
  Author                   = {Defferrard, M. and Bresson X. and Vandergheynst, P.},
  Booktitle                = {Advances in Neural Information Processing Systems},
  Year                     = {2016},
  Pages                    = {3844--3852},

  Keywords                 = {deep}
}

@InProceedings{Det+2018,
  Title                    = {Convolutional 2D Knowledge Graph Embeddings},
  Author                   = {Dettmers, T. and Minervini, P. and Stenetorp, P. and Riedel S.},
  Booktitle                = {AAAI Conference on Artificial Intelligence},
  Year                     = {2018},

  Keywords                 = {deep},
  Owner                    = {chris},
  Timestamp                = {2018.01.26}
}

@Article{Dob+2003,
  Title                    = {Distinguishing Enzyme Structures from Non-enzymes Without Alignments },
  Author                   = {Dobson, P. D and Doig, A. J.},
  Journal                  = {Journal of Molecular Biology},
  Year                     = {2003},
  Number                   = {4},
  Pages                    = {771 -- 783},
  Volume                   = {330}
}

@Article{Dobson2003,
  Title                    = {Distinguishing Enzyme Structures from Non-enzymes Without Alignments },
  Author                   = {Dobson, P. D. and Doig, A. J.},
  Journal                  = {Journal of Molecular Biology},
  Year                     = {2003},
  Number                   = {4},
  Pages                    = {771--783},
  Volume                   = {330},

  __markedentry            = {[morris:6]},
  Keywords                 = {kernel}
}

@InProceedings{Duv+2015,
  Title                    = {Convolutional Networks on Graphs for Learning Molecular Fingerprints},
  Author                   = {Duvenaud, D. K. and Maclaurin, D. and Iparraguirre, J. and Bombarell, R. and Hirzel, T. and Aspuru-Guzik, A. and Adams, R. P.},
  Booktitle                = {Advances in Neural Information Processing Systems},
  Year                     = {2015},
  Pages                    = {2224--2232},

}

@InProceedings{Duvenaud2015,
  Title                    = {Convolutional Networks on Graphs for Learning Molecular Fingerprints},
  Author                   = {Duvenaud, D. K. and Maclaurin, D. and Iparraguirre, J. and Bombarell, R. and Hirzel, T. and Aspuru-Guzik, A. and Adams, R. P.},
  Booktitle                = {Advances in Neural Information Processing Systems},
  Year                     = {2015},
  Pages                    = {2224--2232},

  Keywords                 = {deep}
}


@article{Lou+2019,
	author    = {Andreas Loukas},
	title     = {What graph neural networks cannot learn: depth vs width},
	journal   = {CoRR},
	volume    = {abs/1907.03199},
	year      = {2019}
}

@Article{Fan+2008,
  Title                    = {{LIBLINEAR}: {A} Library for Large Linear Classification},
  Author                   = {Fan, R.-E. and Chang, K.-W. and Hsieh, C.-J. and Wang, X.-R. and Lin, C.-J.},
  Journal                  = {Journal of Machine Learning Research},
  Year                     = {2008},
  Pages                    = {1871--1874},
  Volume                   = {9}
}

@InProceedings{Fer+2013,
  Title                    = {Scalable kernels for graphs with continuous attributes},
  Author                   = {Feragen, A. and Kasenburg, N. and Petersen, J. and Bruijne, M. D. and Borgwardt K. M.},
  Booktitle                = {Advances in Neural Information Processing Systems},
  Year                     = {2013},
  Note                     = {Erratum available at \url{http://image.diku.dk/aasa/papers/graphkernels_nips_erratum.pdf}},
  Pages                    = {216--224},
  publisher = {NIPS}
}

@InProceedings{Feragen2013,
  Title                    = {Scalable kernels for graphs with continuous attributes},
  Author                   = {Feragen, A. and Kasenburg, N. and Petersen, J. and Bruijne, M. D. and Borgwardt K. M.},
  Booktitle                = {Advances in Neural Information Processing Systems},
  Year                     = {2013},
  Pages                    = {216--224},
  publisher = {NIPS},
  __markedentry            = {[morris:6]},
  Keywords                 = {kernel}
}

@InProceedings{Fey+2018,
  Title                    = {{SplineCNN}: Fast Geometric Deep Learning with Continuous {B}-Spline Kernels},
  Author                   = {Fey, M. and Lenssen, J. E. and Weichert, F. and M{\"u}ller, H.},
  Booktitle                = {IEEE Conference on Computer Vision and Pattern Recognition},
  pages = {869-877},
  Year                     = {2018}
}

@InProceedings{Fou+2017,
  Title                    = {Protein Interface Prediction using Graph Convolutional Networks},
  Author                   = {Fout, A. and Byrd, J. and Shariat, B. and Ben-Hur, A.},
  Booktitle                = {Advances in Neural Information Processing Systems},
  Year                     = {2017},

  Pages                    = {6533--6542},

  Keywords                 = {deep}
}

@InProceedings{Fro+2005,
  Title                    = {Optimal assignment kernels for attributed molecular graphs},
  Author                   = {Fr\"{o}hlich, H. and Wegner, J. K. and Sieker, F. and Zell, A.},
  publisher = {ACM},
  Booktitle                = {International Conference on Machine Learning},
  Year                     = {2005},
  Pages                    = {225--232}
}

@InProceedings{Frohlich2005,
  Title                    = {Optimal assignment kernels for attributed molecular graphs},
  Author                   = {Fr\"{o}hlich, H. and Wegner, J. K. and Sieker, F. and Zell, A.},
  Booktitle                = {International Conference on Machine learning},
  Year                     = {2005},
  Pages                    = {225--232}
}

@Article{Gae+2003.,
  Title                    = {A Survey of Kernels for Structured Data},
  Author                   = {G\"{a}rtner, T.},
  Journal                  = {ACM SIGKDD Exploration Newsletters},
  Year                     = {2003},
  Number                   = {1},
  Pages                    = {49--58},
  Volume                   = {5},
  Keywords                 = {kernel}
}

@InCollection{Gae+2003,
  Title                    = {On Graph Kernels: Hardness Results and Efficient Alternatives},
  Author                   = {G\"{a}rtner, T. and Flach, P. and Wrobel, S.},
  Booktitle                = {Learning Theory and Kernel Machines},
    series    = {Lecture Notes in Computer Science},
      volume    = {2777},
  Year                     = {2003},
  Pages                    = {129--143},
  Keywords                 = {kernel}
}

@InCollection{Gaertner2003,
  Title                    = {On Graph Kernels: {H}ardness Results and Efficient Alternatives},
  Author                   = {G\"{a}rtner, T. and Flach, P. and Wrobel, S.},
  Booktitle                = {Learning Theory and Kernel Machines},
  series    = {Lecture Notes in Computer Science},
    volume    = {2777},
  Year                     = {2003},
  Pages                    = {129--143}
}

@InCollection{Gaertner2003a,
  Title                    = {On Graph Kernels: {H}ardness Results and Efficient Alternatives},
  Author                   = {G\"{a}rtner, T. and Flach, P. and Wrobel, S.},
  Booktitle                = {Learning Theory and Kernel Machines},
  Year                     = {2003},
  Pages                    = {129--143},

  __markedentry            = {[morris:6]},
  Keywords                 = {kernel}
}

@InProceedings{Gao+2018,
  Title                    = {Large-Scale Learnable Graph Convolutional Networks},
  Author                   = {Gao, Hongyang and Wang, Zhengyang and Ji, Shuiwang},
  Booktitle                = {ACM SIGKDD International Conference on Knowledge Discovery and Data Mining},
  Year                     = {2018},
  Pages                    = {1416--1424}
}

@InProceedings{Gar+2018,
  Title                    = {Few-Shot Learning with Graph Neural Networks},
  Author                   = {Garcia, V. and Bruna, J.},
  Booktitle                = {International Conference on Learning Representation},
  Year                     = {2018},

  Keywords                 = {deep},
  Owner                    = {chris},
  Timestamp                = {2018.02.26}
}

@InProceedings{Gar+2017,
  Title                    = {Learning Graph Representations with Embedding Propagation},
  Author                   = {García{-}Dur{\'{a}}n, A. and Niepert, M.},
  Booktitle                = {Advances in Neural Information Processing Systems},
  Year                     = {2017},
  Pages                    = {5125--5136},

  Keywords                 = {deeplearning}
}

@PhdThesis{Gae2005,
  author = {Gärtner, T.},
  title  = {Kernels for Structured Data},
  school = {University of Bonn},
  year   = {2005},
}

@PhdThesis{Gaertner2005,
  author        = {Gärtner, T.},
  title         = {Kernels for Structured Data},
  school        = {University of Bonn},
  year          = {2005},
  __markedentry = {[morris:6]},
  keywords      = {kernel},
}

@Article{Gho+2018,
  Title                    = {The journey of graph kernels through two decades},
  Author                   = {Ghosh, S. and Das, N. and Gonçalves, T. and Quaresma, P. and Kundu, M.},
  Journal                  = {Computer Science Review},
  Year                     = {2018},
  Pages                    = {88 -- 111},
  Volume                   = {27},

  Keywords                 = {kernel}
}

@InProceedings{Gil+2017,
  Title                    = {Neural Message Passing for Quantum Chemistry},
  Author                   = {Gilmer, J. and Schoenholz, S. S. and Riley, P. F. and Vinyals, O. and Dahl, G. E.},
  Booktitle                = {International Conference on Machine Learning},
  Year                     = {2017},

  Keywords                 = {deep}
}

@InProceedings{Gio+1999,
  Title                    = {Similarity search in high dimensions via hashing},
  Author                   = {Gionis, A. and Indyk, P. and Motwani, R.},
  Booktitle                = {International Conference on Very Large Data Bases},
  Year                     = {1999},
  Pages                    = {518--529}
}

@InCollection{Gol2010,
  Title                    = {Introduction to testing graph properties},
  Author                   = {Goldreich, O.},
   series    = {Lecture Notes in Computer Science},
    volume    = {6390},
  Booktitle                = {Property Testing},

  Year                     = {2010}
}

@Article{Gol+2002,
  Title                    = {Property Testing in Bounded Degree Graphs},
  Author                   = {Goldreich, O. and Ron, D.},
  Journal                  = {Algorithmica},
  note = {Springer},
  Year                     = {2002},
  Pages                    = {302--343},
  Volume                   = {32}
}

@Book{Goo+2016,
  Title                    = {Deep Learning},
  Author                   = {Goodfellow, I. and Bengio, Y. and Courville, A.},
  Publisher                = {MIT Press},
  Year                     = {2016}
}

@Book{Gro2017,
  Title                    = {Descriptive Complexity, Canonisation, and Definable Graph Structure Theory},
  Author                   = {Grohe, M.},
  Publisher                = {Cambridge University Press},
  Year                     = {2017}
}

@InProceedings{Gro+2014,
  Title                    = {Dimension Reduction via Colour Refinement},
  Author                   = {Grohe, M. and Kersting, K. and Mladenov, M. and Selman, E.},
  Booktitle                = {European Symposium on Algorithms},
  Year                     = {2014},
  Pages                    = {505--516}
}

@Article{GroheO15,
  author    = {Grohe, M. and Otto, M.},
  title     = {Pebble Games and linear equations},
  journal   = {Journal of Symbolic Logic},
  year      = {2015},
  volume    = {80},
  number    = {3},
  pages     = {797--844},
  bibsource = {dblp computer science bibliography, https://dblp.org},
  biburl    = {https://dblp.org/rec/bib/journals/jsyml/GroheO15},
  doi       = {10.1017/jsl.2015.28},
  timestamp = {Tue, 06 Jun 2017 22:23:46 +0200},
}

@Other{Guy+2003,
  Title                    = {{Design of experiments for the NIPS 2003 variable selection benchmark}},
  Author                   = {Guyon, I.},
  Url                      = {http://clopinet.com/isabelle/Projects/NIPS2003/Slides/NIPS2003-Datasets.pdf},
  Urldate                  = {2016-09-29},
  Year                     = {2003}
}

@InProceedings{Ham+2017,
  Title                    = {Inductive Representation Learning on Large Graphs},
  Author                   = {Hamilton, W. L. and Ying, R. and Leskovec, J.},
  Booktitle                = {Advances in Neural Information Processing Systems},
  Year                     = {2017},
  Pages                    = {1025--1035},

  Keywords                 = {deep}
}

@Article{Ham+2017a,
  Title                    = {Representation Learning on Graphs: Methods and Applications},
  Author                   = {Hamilton, W. L. and Ying, R. and Leskovec, J.},
  Journal                  = {{IEEE} Data Engineering Bulletin},
  Year                     = {2017},
  Number                   = {3},
  Pages                    = {52--74},
  Volume                   = {40},

  Keywords                 = {deep}
}

@InProceedings{Har+2007,
  Title                    = {Image Classification with Segmentation Graph Kernels},
  Author                   = {Z. Harchaoui and F. Bach},
  Booktitle                = {IEEE Conference on Computer Vision and Pattern Recognition},
  Year                     = {2007},
  Pages                    = {1--8},

  __markedentry            = {[morris:6]},
  Keywords                 = {kernel}
}

@InProceedings{Harchaoui2007,
  Title                    = {Image Classification with Segmentation Graph Kernels},
  Author                   = {Z. Harchaoui and F. Bach},
  Booktitle                = {IEEE Conference on Computer Vision and Pattern Recognition},
  Year                     = {2007},
  Pages                    = {1--8}
}

@TechReport{Hau1999,
  author = {Haussler, D.},
  title  = {Convolution Kernels on Discrete Structures},
  year   = {1999},
  number = {UCS-CRL-99-10},
  school = {University of California at Santa Cruz},
}


@InProceedings{Her+2015,
  Title                    = {Generalized Shortest Path Kernel on Graphs},
  Author                   = {Hermansson, L. and Johansson, F. D. and Watanabe, O.},
    series    = {Lecture Notes in Computer Science},
    volume    = {9356},
  Booktitle                = {International Conference on Discovery Science},
  Year                     = {2015},
  Pages                    = {78--85},

  Keywords                 = {kernel}
}

@Article{Adamson1973,
  Title                    = {A method for the automatic classification of chemical structures},
  Author                   = {G. W. Adamson and J. A. Bush},
  Journal                  = {Information Storage and Retrieval},
  Year                     = {1973},
  Number                   = {10},
  Pages                    = {561 - 568},
  Volume                   = {9},
  note = {Elsevier}
}


@Article{Willett1986,
  Title                    = {A Comparison of Some Measures for the Determination of Inter-Molecular Structural Similarity Measures of Inter-Molecular Structural Similarity},
  Author                   = {Willett, P. and Winterman, V.},
  Journal                  = {Quantitative Structure-Activity Relationships},
  note = {Elsevier}, 
  Year                     = {1986},
  Number                   = {1},
  Pages                    = {18--25},
  Volume                   = {5}
}

@article{wu2019comprehensive,
	title={A comprehensive survey on graph neural networks},
	author={Wu, Zonghan and Pan, Shirui and Chen, Fengwen and Long, Guodong and Zhang, Chengqi and Yu, Philip S},
	journal={arXiv preprint arXiv:1901.00596},
	year={2019}
}


@article{zhou2018graph,
	title={Graph neural networks: A review of methods and applications},
	author={Zhou, Jie and Cui, Ganqu and Zhang, Zhengyan and Yang, Cheng and Liu, Zhiyuan and Wang, Lifeng and Li, Changcheng and Sun, Maosong},
	journal={arXiv preprint arXiv:1812.08434},
	year={2018}
}

@article{Err+2019,
	author    = {F. Errica and
	M. Podda and
	D. Bacciu and
	A. Micheli},
	title     = {A Fair Comparison of Graph Neural Networks for Graph Classification},
	journal   = {CoRR},
	volume    = {abs/1912.09893},
	year      = {2019}
}


@article{Dwi+2020,
	author    = {V. P. Dwivedi and
	C. K. Joshi and
	T. Laurent and
	Y. Bengio and
	X. Bresson},
	title     = {Benchmarking Graph Neural Networks},
	journal   = {CoRR},
	volume    = {abs/2003.00982},
	year      = {2020}
}

@article{Kie+2019,
	author    = {Kiefer, S. and
	Ponomarenko, I. and
	Schweitzer, P.},
	title     = {The Weisfeiler-Leman Dimension of Planar Graphs Is at Most 3},
	journal   = {Journal of the {ACM}},
	volume    = {66},
	number    = {6},
	pages     = {44:1--44:31},
	year      = {2019}
}

@article{Wan+2019,
	title={Deep Graph Library: Towards Efficient and Scalable Deep Learning on Graphs},
	url={https://arxiv.org/abs/1909.01315},
	author={Wang, M. and Yu, L. and Zheng, D. and Gan, Q. and Gai, Y. and Ye, Z. and Li, M. and Zhou, J. and Huang, Q. and Ma, C. and Huang, Z. and Guo, Q. and Zhang, H. and Lin, H. and Zhao, J. and Li, J. and Smola, A. J. and Zhang, Z.},
	journal={ICLR Workshop on Representation Learning on Graphs and Manifolds},
	year={2019}
}

@InProceedings{Sch+2019,
	author="Schlichtkrull, M.
	and Kipf, T. N.
	and Bloem, P.
	and van den Berg, R.
	and Titov, I.
	and Welling, M.",
	title="Modeling Relational Data with Graph Convolutional Networks",
	booktitle="The Semantic Web",
	year="2018",

	pages="593--607"
}

@article{Han+2019,
	title={MeshCNN: A Network with an Edge},
	author={Hanocka, R. and Hertz, A. and Fish, N. and Giryes, R. and Fleishman, S. and Cohen-Or, D.},
	journal={ACM Transactions on Graphics},
	volume={38},
	number={4},
	pages={90},
	year={2019}
}

@article{Zit+2018,
	author    = {Zitnik, M. and
	 Agrawal, M. and
	 Leskovec, J.},
	title     = {Modeling polypharmacy side effects with graph convolutional networks},
	journal   = {Bioinformatics},
	volume    = {34},
	number    = {13},
	pages     = {i457--i466},
	year      = {2018}
}


@inproceedings{Li+2019,
	author    = {Li, Y. and
	 Gu, C. and
	 Dullien, T. and
	Vinyals, O. and
	 Kohli, P.},
	title     = {Graph Matching Networks for Learning the Similarity of Graph Structured
	Objects},
	booktitle = {International Conference on Machine Learning},
	  year      = {2019},
	pages     = {3835--3845},
}

@inproceedings{Fey+2020,
	author    = {M. Fey and
	J. E. Lenssen and
	C. Morris and
	J. Masci and
	N. M. Kriege},
	title     = {Deep Graph Matching Consensus},
  Booktitle                = {International Conference on Learning Representations},
	year      = {2020},
}

@inproceedings{Xu+2019,
	author    = {K. Xu and
	L. Wang and
	M. Yu and
	Y. Feng and
	Y. Song and
	Z. Wang and
	D. Yu},
	title     = {Cross-lingual Knowledge Graph Alignment via Graph Matching Neural
	Network},
	booktitle = {Conference of the Association for Computational
	Linguistics},
	pages     = {3156--3161},
	year      = {2019}
}

@inproceedings{Yu+2018,
	author    = {B. Yu and
	H. Yin and
	Z. Zhu},
	title     = {Spatio-Temporal Graph Convolutional Networks: {A} Deep Learning Framework
	for Traffic Forecasting},
	booktitle = {International Joint Conference on
	Artificial Intelligence},
	pages     = {3634--3640},
	year      = {2018}
}

@inproceedings{Neu+2019,
	author    = {S. Kiefer and
	S. Neuen},
	title     = {The Power of the Weisfeiler-Leman Algorithm to Decompose Graphs},
	booktitle = {Mathematical Foundations of Computer
	Science},
	series    = {LIPIcs},
	volume    = {138},
	pages     = {45:1--45:15},
	year      = {2019}
}


@inproceedings{Gas+2019,
	author    = {M. Gasse and
	D. Ch{\'{e}}telat and
	N. Ferroni and
	L. Charlin and
	A. Lodi},
	title     = {Exact Combinatorial Optimization with Graph Convolutional Neural Networks},
	booktitle = {Advances in Neural Information Processing Systems},
	pages     = {15554--15566},
	year      = {2019}
}

@inproceedings{Kip+2018,
	author    = {T. N. Kipf and
	E. Fetaya and
	K.{-}C. Wang and
	M. Welling and
	R. S. Zemel},
	title     = {Neural Relational Inference for Interacting Systems},
	booktitle = {International Conference on Machine Learning},


	pages     = {2693--2702},
	year      = {2018}
}


@inproceedings{Kha+2017,
	author    = {E. B. Khalil and
	H. Dai and
	Y. Zhang and
	B. Dilkina and
	L. Song},
	title     = {Learning Combinatorial Optimization Algorithms over Graphs},
	booktitle = {Advances in Neural Information Processing Systems},
	pages     = {6348--6358},
	year      = {2017}
}

@Article{Ralaivola2005,
  Title                    = {Graph kernels for chemical informatics},
  Author                   = {Ralaivola, L. and Swamidass, S. J. and Saigo, H. and Baldi, P.},
  Journal                  = {Neural Networks},
  Year                     = {2005},
  Number                   = {8},
  Pages                    = {1093 - 1110},
  Volume                   = {18},
  note = {Elsevier}
}


@Article{Rogers2010,
  Title                    = {Extended-connectivity fingerprints},
  Author                   = {Rogers, D. and Hahn, M.},
  Journal                  = {Journal of Chemical Information and Modeling},
  Year                     = {2010},
  Month                    = {May},
  Number                   = {5},
  Pages                    = {742--754},
  Volume                   = {50}
}


@InProceedings{Hid+2009,
  Title                    = {A Linear-Time Graph Kernel},
  Author                   = {S. Hido and H. Kashima},
  Booktitle                = {IEEE International Conference on Data Mining},
  Year                     = {2009},
  Pages                    = {179--188},

  __markedentry            = {[morris:6]},
  Keywords                 = {kernel}
}

@article{grauman2007pyramid,
  title={The pyramid match kernel: Efficient learning with sets of features},
  author={Grauman, K. and Darrell, T.},
  journal={Journal of Machine Learning Research},
  note = {JMLR},
  volume={8},
  number={Apr},
  pages={725--760},
  year={2007}
}


@article{dwork2014algorithmic,
  title     = {The algorithmic foundations of differential privacy},
  author    = {Dwork, C. and Roth, A.},
  journal   = {Foundations and Trends in Theoretical Computer Science},
  volume    = {9},
  number    = {3--4},
  pages     = {211--407},
  year      = {2014},
  note = {Now}
}

@InProceedings{Zha+2018b,
title = {RetGK: Graph Kernels based on Return Probabilities of Random Walks},
author = {Zhang, Z. and Wang, M. and Xiang, Y. and Huang, Y. and Nehorai, A.},
booktitle = {Advances in Neural Information Processing Systems},
pages = {3964--3974},
year = {2018}
}


@inproceedings{johansson2015classifying,
  title         = {Classifying large graphs with differential privacy},
  author        = {Johansson, F. D. and Frost, O. and Retzner, C. and Dubhashi, D.},
  booktitle     = {Modeling Decisions for Artificial Intelligence},

     series    = {Lecture Notes in Computer Science},
      volume    = {9321},
  pages         = {3--17},
  year          = {2015}
}

@article{Kri+2019,
  author    = {N. M. Kriege and
               F. D. Johansson and
               C. Morris},
  title     = {A Survey on Graph Kernels},
  journal   = {CoRR},
   note = {Accepted for publication in \emph{Applied Network Science}},
  volume    = {abs/1903.11835},
  year      = {2019}
}

@InProceedings{Hido2009,
  Title                    = {A Linear-Time Graph Kernel},
  Author                   = {S. Hido and H. Kashima},
  Booktitle                = {IEEE International Conference on Data Mining},
  Year                     = {2009},
  publisher = {IEEE},
  Pages                    = {179--188}
}

@Article{Hoe1963,
  Title                    = {Probability Inequalities for Sums of Bounded Random Variables},
  Author                   = {Hoeffding, W.},
  Journal                  = {Journal of the American Statistical Association},
  Year                     = {1963},
  Number                   = {301},
  Pages                    = {13--30},
  Volume                   = {58}
}

@Article{Hoeffding1963,
  Title                    = {Probability Inequalities for Sums of Bounded Random Variables},
  Author                   = {Hoeffding, W.},
  Journal                  = {Journal of the American Statistical Association},
  Year                     = {1963},
  Number                   = {301},
  Pages                    = {13--30},
  Volume                   = {58}
}

@InProceedings{Hor+2004,
  Title                    = {Cyclic pattern kernels for predictive graph mining},
  Author                   = {Horv\'{a}th, T. and G\"{a}rtner, T. and Wrobel, S.},
  Booktitle                = {ACM SIGKDD International Conference on Knowledge Discovery and Data Mining},
  Year                     = {2004},
  publisher = {ACM},
  Pages                    = {158--167},

  __markedentry            = {[morris:6]},
  Keywords                 = {kernel}
}

@InProceedings{Horvath2004,
  Title                    = {Cyclic pattern kernels for predictive graph mining},
  Author                   = {Horv\'{a}th, T. and G\"{a}rtner, T. and Wrobel, S.},
  Booktitle                = {ACM SIGKDD International Conference on Knowledge Discovery and Data Mining},
  Year                     = {2004},
  Pages                    = {158--167}
}

@InBook{Imm+1990,
  Title                    = {Describing Graphs: {A} First-Order Approach to Graph Canonization},
  Author                   = {Immerman, N. and Lander, E.},
  Pages                    = {59--81},
  Year                     = {1990},
  Booktitle                = {Complexity Theory Retrospective: {I}n Honor of Juris Hartmanis on the Occasion of His Sixtieth Birthday, July 5, 1988}
}

@Article{Mar+2019,
	Title                    = {Provably Powerful Graph Networks},
	Author                   = {Maron, H. and Ben{-}Hamu, H. and Serviansky, H. and Lipman, Y.},
	Journal                  = {CoRR},
	Year                     = {2019},
	Volume                   = {abs/1905.11136},
	
	Url                      = {http://arxiv.org/abs/1905.11136}
}

@InProceedings{Ind+1998,
  Title                    = {Approximate Nearest Neighbors: {T}owards Removing the Curse of Dimensionality},
  Author                   = {Indyk, P. and Motwani, R.},
  Booktitle                = {ACM Symposium on Theory of Computing},
    publisher = {{ACM}},
  Year                     = {1998},
  Pages                    = {604--613}
}

@InProceedings{Indyk1998,
  Title                    = {Approximate Nearest Neighbors: Towards Removing the Curse of Dimensionality},
  Author                   = {Indyk, P. and Motwani, R.},
  Booktitle                = {ACM Symposium on Theory of Computing},
  publisher = {ACM},
  Year                     = {1998},
  Pages                    = {604--613}
}

@InProceedings{Iva+2018,
  Title                    = {Anonymous Walk Embeddings},
  Author                   = {Ivanov, S. and Burnaev, E.},
  Booktitle                = {International Conference on Machine Learning},
  Year                     = {2018},
  Pages                    = {2186--2195}
}

@InProceedings{Jain+2016,
  Title                    = {Structural-{RNN}: Deep Learning on Spatio-Temporal Graphs},
  Author                   = {Jain, A. and Zamir, A. R. and Savarese, S. and Saxena, A.},
  Booktitle                = {IEEE Conference on Computer Vision and Pattern Recognition},
  Year                     = {2016},
  Pages                    = {5308--5317},

  Keywords                 = {deep}
}

@InProceedings{Jin+2018,
  Title                    = {Predicting Organic Reaction Outcomes with {W}eisfeiler-{L}ehman Network},
  Author                   = {Jin, W. and Coley, C. W. and Barzilay, R. and Jaakkola, T. S.},
  Booktitle                = {Advances in Neural Information Processing Systems},
  Year                     = {2017},
  Pages                    = {2604--2613},

  Keywords                 = {deep}
}

@InProceedings{Joa+2006,
  Title                    = {Training Linear {{SVMs}} in Linear Time},
  Author                   = {Joachims, T.},
  Booktitle                = {ACM SIGKDD International Conference on Knowledge Discovery and Data Mining},
  Year                     = {2006},
  publisher = {ACM},
  Pages                    = {217--226}
}

@InProceedings{Joachims2006,
  Title                    = {Training Linear {{SVMs}} in Linear Time},
  Author                   = {Joachims, T.},
  Booktitle                = {ACM SIGKDD International Conference on Knowledge Discovery and Data Mining},
  Year                     = {2006},
  Pages                    = {217--226}
}

@InProceedings{Joh+2015,
  Title                    = {Learning with Similarity Functions on Graphs Using Matchings of Geometric Embeddings},
  Author                   = {Johansson, F. D. and Dubhashi, D.},
  Booktitle                = {ACM SIGKDD International Conference on Knowledge Discovery and Data Mining},
  Year                     = {2015},
  Pages                    = {467--476},
  __markedentry            = {[morris:6]},
  Keywords                 = {kernel}
}

@InProceedings{Johansson2015,
  Title                    = {Learning with Similarity Functions on Graphs Using Matchings of Geometric Embeddings},
  Author                   = {Johansson, F. D. and Dubhashi, D.},
  Booktitle                = {ACM SIGKDD International Conference on Knowledge Discovery and Data Mining},
  Year                     = {2015},
  Pages                    = {467--476}
}

@InProceedings{Joh+2014,
  Title                    = {Global graph kernels using geometric embeddings},
  Author                   = {Johansson, F. D. and Jethava, V. and Dubhashi, D. P. and Bhattacharyya, C.},
  Booktitle                = {International Conference on Machine Learning},
  Year                     = {2014},
  publisher = {PMLR},
  Pages                    = {694--702},

  __markedentry            = {[morris:6]},
  Keywords                 = {kernel}
}

@InProceedings{Johansson2014,
  Title                    = {Global graph kernels using geometric embeddings},
  Author                   = {Johansson, F. D. and Jethava, V. and Dubhashi, D. P. and Bhattacharyya, C.},
  Booktitle                = {International Conference on Machine Learning},
  Year                     = {2014},
  publisher = {PMLR},
  Pages                    = {694--702}
}

@InProceedings{Kan+2012,
  Title                    = {Fast Random Walk Graph Kernel},
  Author                   = {U. Kang and H. Tong and J. Sun},
  Booktitle                = {SIAM International Conference on Data Mining},
  Year                     = {2012},
  Pages                    = {828--838},

  __markedentry            = {[morris:6]},
  Keywords                 = {kernel}
}

@InProceedings{Kang2012,
  Title                    = {Fast Random Walk Graph Kernel},
  Author                   = {U. Kang and H. Tong and J. Sun},
  Booktitle                = {SIAM International Conference on Data Mining},
  Year                     = {2012},
  Pages                    = {828--838}
}

@InProceedings{Kas+2003,
  Title                    = {Marginalized Kernels Between Labeled Graphs},
  Author                   = {H. Kashima and K. Tsuda and A. Inokuchi},
  Booktitle                = {International Conference on Machine Learning},
  Year                     = {2003},
  Pages                    = {321--328},
  publisher = {{AAAI}},
  __markedentry            = {[morris:6]},
  Keywords                 = {kernel}
}

@InProceedings{Kashima2003,
  Title                    = {Marginalized Kernels Between Labeled Graphs},
  Author                   = {H. Kashima and K. Tsuda and A. Inokuchi},
  Booktitle                = {International Conference on Machine Learning},
  Year                     = {2003},
  Pages                    = {321--328}
}

@Article{Kaz+2005,
  Title                    = {Derivation and validation of toxicophores for mutagenicity prediction},
  Author                   = {J. Kazius and R. Mc{G}uire and R. Bursi},
  Journal                  = {Journal Medicinal Chemistry},
  Year                     = {2005},
  note = {ACS},
  Number                   = {13},
  Pages                    = {312--320},
  Volume                   = {48},
publisher = {ACS},
  __markedentry            = {[morris:6]},
  Keywords                 = {kernel}
}

@Article{Kazius2005,
  Title                    = {Derivation and validation of toxicophores for mutagenicity prediction},
  Author                   = {J. Kazius and R. Mc{G}uire and R. Bursi},
  Journal                  = {Journal Medicinal Chemistry},
  Year                     = {2005},
  Number                   = {13},
  Pages                    = {312--320},
  Volume                   = {48}
}

@Article{Kea+2016,
  Title                    = {Molecular graph convolutions: moving beyond fingerprints},
  Author                   = {Kearnes, S. and McCloskey, K. and Berndl, M. and Pande, V. and Riley, P.},
  Journal                  = {Journal of Computer-Aided Molecular Design},
  Year                     = {2016},
  Number                   = {8},
  Pages                    = {595--608},
  Volume                   = {30},

  Keywords                 = {deep}
}

@Misc{KKMMN2016,
  Title                    = {Benchmark Data Sets for Graph Kernels},

  Author                   = {Kersting, K. and Kriege, N. M. and Morris, C. and Mutzel, P. and Neumann, M.},
  Year                     = {2016},

  Keywords                 = {kernel},
  Url                      = {http://graphkernels.cs.tu-dortmund.de}
}

@InProceedings{Ker+2014,
  Title                    = {Power iterated color refinement},
  Author                   = {Kersting, K. and Mladenov, M. and Garnett, R. and Grohe, M.},
  Booktitle                = {AAAI Conference on Artificial Intelligence},
  Year                     = {2014},
  Pages                    = {1904--1910}
}

@InProceedings{Kie+2016,
  Title                    = {Upper Bounds on the Quantifier Depth for Graph Differentiation in First Order Logic},
  Author                   = {Kiefer, S. and Schweitzer, P.},
  Booktitle                = {{ACM/IEEE} Symposium on Logic in Computer Science},
  Year                     = {2016},
  Pages                    = {287--296}
}

@InProceedings{Kie+2015,
  Title                    = {Graphs Identified by Logics with Counting},
  Author                   = {Kiefer, S. and Schweitzer, P. and Selman, E.},
  Booktitle                = {International Symposium on Mathematical Foundations of Computer Science},
  Year                     = {2015},
  Pages                    = {319--330}
}

@InProceedings{Kip+2017,
  Title                    = {Semi-Supervised Classification with Graph Convolutional Networks},
  Author                   = {Kipf, T. N. and Welling, M.},
  Booktitle                = {International Conference on Learning Representations},
  Year                     = {2017},

  Keywords                 = {deep}
}

@InProceedings{Kon+2008.,
  Title                    = {The skew spectrum of graphs},
  Author                   = {Kondor, R. and Borgwardt, K. M.},
  Booktitle                = {International Conference on Machine Learning},
  Year                     = {2008},
  Pages                    = {496--503},

  Keywords                 = {kernel}
}

@InProceedings{Kon+2016,
  Title                    = {The Multiscale Laplacian Graph Kernel},
  Author                   = {Kondor, R. and Pan, H.},
  Booktitle                = {Advances in Neural Information Processing Systems},
  Year                     = {2016},
  Pages                    = {2982--2990},
publisher = {NIPS},
  __markedentry            = {[morris:6]},
  Keywords                 = {kernel}
}


@InProceedings{Kon+2009,
  Title                    = {The graphlet spectrum},
  Author                   = {Kondor, R. and Shervashidze, N. and Borgwardt, K. M.},
  Booktitle                = {International Conference on Machine Learning},
  publisher = {ACM},
  Year                     = {2009},
  Pages                    = {529--536},

  Keywords                 = {kernel}
}

@InProceedings{Kri+2012,
  Title                    = {Subgraph Matching Kernels for Attributed Graphs},
  Author                   = {Kriege, N. and Mutzel, P.},
  Booktitle                = {International Conference on Machine Learning},
  Year                     = {2012},
publisher = {Omnipress},
  __markedentry            = {[morris:6]},
  Keywords                 = {kernel}
}

@InProceedings{Kriege2012,
  Title                    = {Subgraph Matching Kernels for Attributed Graphs},
  Author                   = {Kriege, N. and Mutzel, P.},
  Booktitle                = {29th International Conference on Machine Learning},
  Year                     = {2012}
}

@InProceedings{Kri+2014,
  Title                    = {Explicit versus Implicit Graph Feature Maps: A Computational Phase Transition for Walk Kernels},
  Author                   = {Kriege, N. and Neumann, M. and Kersting, K. and Mutzel, M.},
  Booktitle                = {{IEEE} International Conference on Data Mining},
  Year                     = {2014},
  publisher = {IEEE},
  Pages                    = {881--886}
}

@InProceedings{Kriege2014,
  Title                    = {Explicit versus Implicit Graph Feature Maps: {A} Computational Phase Transition for Walk Kernels},
  Author                   = {Kriege, N. and Neumann, M. and Kersting, K. and Mutzel, M.},
  Booktitle                = {IEEE International Conference on Data Mining},
  Year                     = {2014},
  Pages                    = {881--886},

  Keywords                 = {kernel}
}

@InProceedings{Kriege2014a,
  Title                    = {Explicit versus Implicit Graph Feature Maps: {A} Computational Phase Transition for Walk Kernels},
  Author                   = {Kriege, N. and Neumann, M. and Kersting, K. and Mutzel, M.},
  Booktitle                = {{IEEE} International Conference on Data Mining},
  Year                     = {2014},
  Pages                    = {881--886}
}

@PhdThesis{Kri2015,
  Title                    = {Comparing Graphs: {A}lgorithms \& Applications},
  Author                   = {N. M. Kriege},
  School                   = {TU Dortmund University},
  Year                     = {2015},
  Type                     = {PhD~thesis},

  __markedentry            = {[morris:6]},
  Keywords                 = {kernel}
}

@PhdThesis{Kriege2015,
  Title                    = {Comparing Graphs: {A}lgorithms \& Applications},
  Author                   = {Nils Morten Kriege},
  School                   = {TU Dortmund},
  Year                     = {2015},
  Type                     = {PhD~thesis}
}

@InProceedings{Kri+2016,
  Title                    = {On Valid Optimal Assignment Kernels and Applications to Graph Classification},
  Author                   = {Kriege, N. M. and Giscard, P.-L. and Wilson, R. C.},
  Booktitle                = {Advances in Neural Information Processing Systems},
  Year                     = {2016},
  Pages                    = {1615--1623},
publisher = {NIPS},
  __markedentry            = {[morris:6]},
  Keywords                 = {kernel}
}

@InProceedings{Kri+2017,
  Title                    = {Recent Advances in Kernel-Based Graph Classification},
  Author                   = {Kriege, N. M. and Morris, C.},
  Booktitle                = {The European Conference on Machine Learning \& Principles and Practice of Knowledge Discovery In Databases},
  Year                     = {2017},
  Pages                    = {388--392},
publisher = {Springer},

  Keywords                 = {kernel}
}

@InProceedings{Kri+2018,
  Title                    = {A Property Testing Framework for the Theoretical Expressivity of Graph Kernels},
  Author                   = {Kriege,N. M. and Morris, C. and Rey, A. and Sohler, C.},
  Booktitle                = {International Joint Conference on
 Artificial Intelligence},
  Year                     = {2018},
  Pages                    = {2348--2354}
}

@Article{Kri+2017b,
  Title                    = {A Unifying View of Explicit and Implicit Feature Maps for Structured
 Data: Systematic Studies of Graph Kernels},
  Author                   = {N. M. Kriege and
 M. Neumann and
 C. Morris and
 K. Kersting and
 P. Mutzel},
  Journal                  = {CoRR},
  Year                     = {2017},
  Volume                   = {abs/1703.00676},
  note = {Accepted for publication in \emph{Data Mining and Knowledge Discovery}
  }
}

@InProceedings{Kriege2016,
  Title                    = {On Valid Optimal Assignment Kernels and Applications to Graph Classification},
  Author                   = {Kriege, N. M. and Giscard. P.-L. and Wilson, R. C.},
  Booktitle                = {Advances in Neural Information Processing Systems},
  Year                     = {2016},
  Pages                    = {1615--1623}
}

@InProceedings{Lee+2018,
  Title                    = {Graph Classification Using Structural Attention},
  Author                   = {Lee, J. B. and Rossi, R. and Kong, X.},
  Booktitle                = {ACM SIGKDD International Conference on Knowledge Discovery and Data Mining},
  Pages                    = {1666--1674}
}

@InProceedings{Lei2017,
  Title                    = {Deriving Neural Architectures from Sequence and Graph Kernels},
  Author                   = {Lei, T. and Jin, W. and Barzilay, R. and Jaakkola, T.},
  Booktitle                = {International Conference on Machine Learning},
  Year                     = {2017}
}

@InProceedings{Lei+2017,
  Title                    = {Deriving Neural Architectures from Sequence and Graph Kernels},
  Author                   = {Lei, T. and Jin, W. and Barzilay, R. and Jaakkola, T. S.},
  Booktitle                = {International Conference on Machine Learning},
  Year                     = {2017},
  Pages                    = {2024--2033},
  Keywords                 = {deep}
}

@InProceedings{Li+2012,
  Title                    = {Nested Subtree Hash Kernels for Large-Scale Graph Classification over Streams},
  Author                   = {B. Li and X. Zhu and L. Chi and C. Zhang},
  Booktitle                = {{IEEE} International Conference on Data Mining},
  Year                     = {2012},
  Pages                    = {399-408}
}

@InProceedings{Li2012,
  Title                    = {Nested Subtree Hash Kernels for Large-Scale Graph Classification over Streams},
  Author                   = {B. Li and X. Zhu and L. Chi and C. Zhang},
  Booktitle                = {IEEE International Conference on Data Mining},
  Year                     = {2012},
  Pages                    = {399--408},

  Keywords                 = {kernel}
}

@InProceedings{Li+2015,
  Title                    = {\emph{Cheetah}: Fast Graph Kernel Tracking on Dynamic Graphs},
  Author                   = {Li,L. and Tong, H. and Xiao, Y. and Fan, W.},
  Booktitle                = {SIAM International Conference on Data Mining},
  Year                     = {2015},
  Pages                    = {280--288},
    publisher = {SIAM},

  Keywords                 = {kernel}
}

@InProceedings{Li+2018a,
  Title                    = {Deeper Insights into Graph Convolutional Networks for Semi-Supervised Learning},
  Author                   = {Li, Q. and Han, Z. and Wu, X.-M.},
  Booktitle                = {AAAI Conference on Artificial Intelligence},
  Year                     = {2018},
  Pages                    = {3538--3545},

  Keywords                 = {deep},
  Owner                    = {chris},
  Timestamp                = {2018.01.26}
}



@InProceedings{Li+2018,
  Title                    = {Adaptive Graph Convolutional Neural Networks},
  Author                   = {Li, R. and Wang, S. and Zhu, F. and Huang, J.},
  Booktitle                = {AAAI Conference on Artificial Intelligence},
  Year                     = {2018},

  Keywords                 = {deep},
  Owner                    = {chris},
  Timestamp                = {2018.01.26}
}

@InProceedings{Li+2016,
  Title                    = {Detecting Similar Programs via the {W}eisfeiler-{L}eman Graph Kernel},
  Author                   = {Li, W. and Saidi, H. and Sanchez, H. and Sch{\"{a}}f, M. and Schweitzer, P.},
  Booktitle                = {International Conference on Software Reuse},
  Year                     = {2016},

  Pages                    = {315--330},

  Keywords                 = {kernel}
}

@InProceedings{Li2016,
  Title                    = {Detecting Similar Programs via the Weisfeiler-Leman Graph Kernel},
  Author                   = {Li, W. and Saidi, H. and Sanchez, H. and Sch{\"{a}}f, M. and Schweitzer, P.},
  Booktitle                = {International Conference on Software Reuse: {B}ridging with Social-Awarenes},
  Year                     = {2016},
  Pages                    = {315--330}
}

@InProceedings{LiGGN+2016,
  Title                    = {Gated Graph Sequence Neural Networks},
  Author                   = {Li, Y. and Tarlow, D. and Brockschmidt, M. and Zemel, R.},
  Booktitle                = {International Conference on Learning Representations},
  Year                     = {2016},

  Keywords                 = {deep}
}

@Article{Lov+1979,
  Title                    = {On the Shannon Capacity of a Graph},
  Author                   = {Lovász, L.},
  Journal                  = {IEEE Transactions on Information Theory},
  note = {IEEE},
  Year                     = {2006},
  Number                   = {1},
  Pages                    = {1--7},
  Volume                   = {25}
}

@InProceedings{Veg+2013,
	author    = {Vega-Pons, S. and Avesani, P.},
	title     = {Brain Decoding via Graph Kernels},
	booktitle = {International Workshop on Pattern Recognition in Neuroimaging},
	year      = {2013},
	pages     = {136--139}
}


@inproceedings{Sto+2019,
	author    = {B. K. St{\"{o}}cker and
	T. Sch{\"{a}}fer and
	P. Mutzel and
	J. K{\"{o}}ster and
	N. M. Kriege and
	S. Rahmann},
	title     = {Protein Complex Similarity Based on Weisfeiler-Lehman Labeling},
	booktitle = {International Conference on Similarity Search and Applications},
	pages     = {308--322},
	year      = {2019}
}

@Article{Mah+2005,
  Title                    = {Graph Kernels for Molecular Structure-Activity Relationship Analysis
 with Support Vector Machines},
  Author                   = {Mah{\'{e}}, P. and Ueda, N. and Akutsu, T. and Perret, J.-L. and Vert, J.-P.},
  Journal                  = {Journal of Chemical Information and Modeling},
  Year                     = {2005},
  Number                   = {4},
  Pages                    = {939--951},
  Volume                   = {45},
note = {ACS},
  Keywords                 = {kernel}
}

@Article{Mah+2006,
  Title                    = {The pharmacophore kernel for virtual screening with support vector machines.},
  Author                   = {P. Mah\'{e} and L. Ralaivola and V. Stoven and J.-P. Vert},
  Journal                  = {Journal of Chemical Information and Modeling},
  Year                     = {2006},
  Number                   = {5},
  Pages                    = {2003--2014},
  Volume                   = {46},
note = {ACS},
  __markedentry            = {[morris:6]},
  Keywords                 = {kernel}
}

@Article{Mahe2006,
  Title                    = {The pharmacophore kernel for virtual screening with support vector machines.},
  Author                   = {P. Mah\'{e} and L. Ralaivola and V. Stoven and J.-P. Vert},
  Journal                  = {Journal of Chemical Information and Modeling},
  Year                     = {2006},
  Number                   = {5},
  Pages                    = {2003--2014},
  Volume                   = {46}
}

@InProceedings{Mah+2004,
  Title                    = {Extensions of marginalized graph kernels},
  Author                   = {Mah\'{e}, P. and Ueda, N. and Akutsu, T. and Perret, J.-L. and Vert, J.-P.},
  Booktitle                = {International Conference on Machine Learning},

  Year                     = {2004},
  Pages                    = {552--559},

  __markedentry            = {[morris:6]},
  Keywords                 = {kernel}
}

@InProceedings{Mahe2004,
  Title                    = {Extensions of marginalized graph kernels},
  Author                   = {Mah\'{e}, P. and Ueda, N. and Akutsu, T. and Perret, J.-L. and Vert, J.-P.},
  Booktitle                = {21st International Conference on Machine Learning},
  Year                     = {2004},
  Pages                    = {552--559}
}

@Article{Mah+2009,
  Title                    = {Graph kernels based on tree patterns for molecules},
  Author                   = {Mah\'{e}, P. and Vert, J.-P.},
  Journal                  = {Machine Learning},
  Year                     = {2009},
  Number                   = {1},
  Pages                    = {3--35},
  Volume                   = {75},
note = {Springer},
  __markedentry            = {[morris:6]},
  Keywords                 = {kernel}
}


@Article{Mal2014,
  Title                    = {Sherali–Adams relaxations of graph isomorphism polytopes},
  Author                   = {P. N. Malkin},
  Journal                  = {Discrete Optimization},
  Year                     = {2014},
  Pages                    = {73 - 97},
  Volume                   = {12}
}

@InProceedings{Mas+2015,
  Title                    = {Geodesic Convolutional Neural Networks on Riemannian Manifolds},
  Author                   = {Masci, J. and Boscaini, D. and Bronstein, M. M. and Vandergheynst, P.},
  Booktitle                = {{IEEE} Workshop on 3D Representation and Recognition},
  Year                     = {2015},

  Keywords                 = {deep}
}

@Article{May+2016,
  Title                    = {{DeepTox: Toxicity Prediction using Deep Learning}},
  Author                   = {Mayr, A. and Klambauer, G. and Unterthiner, T. and Hochreiter, S.},
  Journal                  = {Frontiers in Environmental Science},
  Year                     = {2016},
  Number                   = {80},
  Volume                   = {3},

  Keywords                 = {deep}
}

@Article{Mer+2005,
  Title                    = {Automatic Generation of Complementary Descriptors with Molecular Graph Networks},
  Author                   = {Merkwirth, C. and Lengauer, T.},
  Journal                  = {Journal of Chemical Information and Modeling},
  Year                     = {2005},
  Number                   = {5},
  Pages                    = {1159--1168},
  Volume                   = {45},
  Keywords                 = {deep}
}

@Article{Mic+2011,
  Title                    = {Neural Network for Graphs: A Contextual Constructive Approach},
  Author                   = {Micheli, A.},
  Journal                  = {IEEE Transactions on Neural Networks},
  Year                     = {2009},
  Number                   = {3},
  Pages                    = {498--511},
  Volume                   = {20},

  Keywords                 = {deep}
}

@Article{Mik+2013,
  Title                    = {Efficient Estimation of Word Representations in Vector Space},
  Author                   = {Mikolov, T. and
 Chen, K. and
 Corrado, G. and
 Dean, J.},
  Journal                  = {CoRR},
  Year                     = {2013},
  Volume                   = {abs/1301.3781}
}

@Article{Mil+2002,
  Title                    = {Network motifs: simple building blocks of complex networks.},
  Author                   = {Milo, R. and Shen-Orr, S. and Itzkovitz, S. and Kashtan, N. and Chklovskii, D. and Alon, U.},
  Journal                  = {Science},
  Year                     = {2002},
  Number                   = {5594},
  Pages                    = {824--827},
  Volume                   = {298},
  note = {AAAS}
}

@Book{Moh+2012,
  Title                    = {Foundations of Machine Learning},
  Author                   = {Mohri, M. and Rostamizadeh, A. and Talwalkar, A.},
  Publisher                = {MIT Press},
  Year                     = {2012}
}

@InProceedings{Mon+2017,
  Title                    = {Geometric Deep Learning on Graphs and Manifolds Using Mixture Model CNNs},
  Author                   = {Monti, F. and Boscaini, D. and Masci, J. and Rodol{\`{a}}, E. and Svoboda, J. and Bronstein, M. M.},
  Booktitle                = {IEEE Conference on Computer Vision and Pattern Recognition},
  Year                     = {2017},
  Pages                    = {5425--5434},

  Keywords                 = {deep}
}

@InProceedings{Mon+2017a,
  Title                    = {Geometric Matrix Completion with Recurrent Multi-Graph Neural Networks},
  Author                   = {Monti, F. and Bronstein, M. M. and Bresson, X.},
  Booktitle                = {Advances in Neural Information Processing Systems},
  Year                     = {2017},
  Pages                    = {3700--3710},

  Keywords                 = {deep}
}

@InProceedings{Mor+2017,
  Title                    = {Glocalized {W}eisfeiler-{L}ehman Kernels: Global-Local Feature Maps of Graphs},
  Author                   = {Morris, C. and Kersting, K. and Mutzel, P.},
  Booktitle                = {IEEE International Conference on Data Mining},
  Year                     = {2017},
  Pages                    = {327--336},
  Keywords                 = {kernel}
}

@InProceedings{Mor+2016,
  Title                    = {Faster Kernel for Graphs with Continuous Attributes via Hashing},
  Author                   = {Morris, C. and Kriege, N. M. and Kersting, K. and Mutzel, P.},
  Booktitle                = {IEEE International Conference on Data Mining},
  Year                     = {2016},
  Pages                    = {1095--1100},
  Keywords                 = {kernel}
}

@InProceedings{Mor+2019,
  Title                    = {Weisfeiler and Leman Go Neural: Higher-order Graph Neural Networks},
  Author                   = {Morris, C. and Ritzert, M. and Fey, M. and Hamilton, W. L. and Lenssen, Jan Eric and Rattan, G. and Grohe, M.},
  Booktitle                = {AAAI Conference on Artificial Intelligence},
  Year                     = {2019},
  Pages                    = {4602--4609},
  Keywords                 = {deep}
}

@Article{Neu+2006,
  Title                    = {Edit Distance-based Kernel Functions for Structural Pattern Classification},
  Author                   = {Neuhaus, M. and Bunke, H.},
  Journal                  = {Pattern Recognition},
  Year                     = {2006},
  Number                   = {10},
  Pages                    = {1852--1863},
  Volume                   = {39},

  Keywords                 = {kernel}
}

@PhdThesis{Neumann2015,
  Title                    = {Learning with Graphs using Kernels from Propagated Information},
  Author                   = {Neumann, M.},
  School                   = {University of Bonn},
  Year                     = {2015},
  Type                     = {PhD~thesis},

  Keywords                 = {kernel}
}

@Article{Neu+2016,
  Title                    = {Propagation kernels: {E}fficient graph kernels from propagated information},
  Author                   = {Neumann, M. and Garnett, R. and Bauckhage, C. and Kersting, K.},
  Journal                  = {Machine Learning},
  Year                     = {2016},
  Number                   = {2},
  Pages                    = {209--245},
  Volume                   = {102},
note = {Springer},
  Keywords                 = {kernel}
}

@Article{New+2013,
  Title                    = {Every Property of Hyperfinite Graphs Is Testable},
  Author                   = {Newman, I. and Sohler, C.},
  Journal                  = {SIAM Journal on Computing},
  Year                     = {2013},
  Number                   = {3},
  note = {SIAM}, 
  Pages                    = {1095--1112},
  Volume                   = {42}
}

@Article{New2003,
  Title                    = {The structure and function of complex networks},
  Author                   = {Newman, M. E. J.},
  Journal                  = {SIAM review},
  Year                     = {2003},
  Number                   = {2},
  Pages                    = {167--256},
  Volume                   = {45}
}

@InProceedings{Ngu+2018,
  Title                    = {Graph Convolutional Networks with Argument-Aware Pooling
for Event Detection},
  Author                   = {Nguyen, T. H. and Grishman, R.},
  Booktitle                = {AAAI Conference on Artificial Intelligence},
  Year                     = {2018},

  Keywords                 = {deep},
  Owner                    = {chris},
  Timestamp                = {2018.01.26}
}

@InProceedings{Nie+2016,
  Title                    = {Learning Convolutional Neural Networks for Graphs},
  Author                   = {Niepert, M. and Ahmed, M. and Kutzkov, K.},
  Booktitle                = {International Conference on Machine Learning},
  Year                     = {2016},
  Pages                    = {2014--2023}
}

@InProceedings{Nik+2018,
  Title                    = {A Degeneracy Framework for Graph Similarity},
  Author                   = {Nikolentzos, G. and Meladianos, P. and Limnios, S. and Vazirgiannis, M.},
  Booktitle                = {International Joint Conference on Artificial Intelligence},
  Year                     = {2018},
  Pages                    = {2595--2601}
}

@InProceedings{Nik+2017a,
  Title                    = {Shortest-Path Graph Kernels for Document Similarity},
  Author                   = {Nikolentzos, G. and Meladianos, P. and Rousseau, F. and Stavrakas, Y. and Vazirgiannis, M.},
  Booktitle                = {EMNLP},
  Year                     = {2017},
  Pages                    = {1890--1900},

  Keywords                 = {kernel}
}

@InProceedings{Nik+2017,
  Title                    = {Matching Node Embeddings for Graph Similarity},
  Author                   = {Nikolentzos, G. and
 Meladianos, P. and
 Vazirgiannis, M.},
  Booktitle                = {AAAI Conference on Artificial Intelligence},
  Year                     = {2017},
  Pages                    = {2429--2435}
}

@InProceedings{Nikolentzos2017,
  Title                    = {Matching Node Embeddings for Graph Similarity},
  Author                   = {Nikolentzos, G. and Meladianos, P. and Vazirgiannis, M.},
  Booktitle                = {AAAI Conference on Artificial Intelligence},
  Year                     = {2017},
  Pages                    = {2429--2435},

  Keywords                 = {kernel}
}

@Article{One+2013,
  Title                    = {An improved analysis of the Rademacher data-dependent bound using its self bounding property},
  Author                   = {Oneto, L. and Ghio, A. and Anguita, D. and Ridella, S.},
  Journal                  = {Neural Networks},
  Year                     = {2013},
  note = {Elsevier},
  Pages                    = {107--111},
  Volume                   = {44}
}

@Article{One+2017,
  Title                    = {Measuring the expressivity of graph kernels through Statistical Learning Theory},
  Author                   = {Oneto, L. and Navarin, N. and Donini, M. and Sperduti, A. and Aiolli, F. and Anguita, D.},
  Journal                  = {Neurocomputing},
  Year                     = {2017},
  Number                   = {Supplement C},
  Pages                    = {4--16},
  Volume                   = {268},
note = {Elsevier},
  Keywords                 = {kernel}
}

@InProceedings{Ors+2015,
  Title                    = {Graph Invariant Kernels},
  Author                   = {Orsini, F. and Frasconi, P. and De Raedt, L.},
  Booktitle                = {International Joint Conference on Artificial Intelligence},
  Year                     = {2015},
  Pages                    = {3756--3762}
}

@InProceedings{Orsini2015,
  Title                    = {Graph Invariant Kernels},
  Author                   = {Orsini, F. and Frasconi, P. and De Raedt, L.},
  Booktitle                = {International Joint Conference on Artificial Intelligence},
  Year                     = {2015},
  Pages                    = {3756--3762},

  __markedentry            = {[morris:6]},
  Keywords                 = {kernel}
}

@Article{Ped+2011,
  Title                    = {Scikit-learn: Machine Learning in {P}ython},
  Author                   = {Pedregosa, F. and Varoquaux, G. and Gramfort, A. and Michel, V.
 and Thirion, B. and Grisel, O. and Blondel, M. and Prettenhofer, P.
 and Weiss, R. and Dubourg, V. and Vanderplas, J. and Passos, A. and
 Cournapeau, D. and Brucher, M. and Perrot, M. and Duchesnay, E.},
  Journal                  = {Journal of Machine Learning Research},
  Year                     = {2011},
  Pages                    = {2825--2830},
  Volume                   = {12}
}

@InProceedings{Pha+2017,
  Title                    = {Column Networks for Collective Classification},
  Author                   = {Pham, T. and Tran, T. and Phung, D. Q. and Venkatesh, S.},
  Booktitle                = {AAAI Conference on Artificial Intelligence},
  Year                     = {2017},
  Pages                    = {2485--2491},

  Keywords                 = {deep}
}

@InProceedings{Rah+2008,
  Title                    = {Random features for large-scale kernel machines},
  Author                   = {Rahimi, A. and Recht, B.},
  Booktitle                = {Advances in Neural Information Processing Systems},
  Year                     = {2008},
  Pages                    = {1177--1184},
  publisher = {NIPS}
}

@Article{Ram+2014,
  Title                    = {Quantum chemistry structures and properties of 134 kilo molecules},
  Author                   = {Ramakrishnan, R. and Dral, P., O. and Rupp, M. and von Lilienfeld, O. Anatole},
  Journal                  = {Scientific Data},
  note = {Nature}, 
  Year                     = {2014},
  Volume                   = {1}
}

@InProceedings{Ram+2003,
  Title                    = {Expressivity versus Efficiency of Graph Kernels},
  Author                   = {J. Ramon and T. G{\"a}rtner},
  Booktitle                = {International Workshop on Mining Graphs, Trees and Sequences},
  Year                     = {2003},
  Pages                    = {65--74},

  __markedentry            = {[morris:6]},
  Keywords                 = {kernel}
}

@InProceedings{Ramon2003,
  Title                    = {Expressivity versus Efficiency of Graph Kernels},
  Author                   = {J. Ramon and T. G{\"a}rtner},
  Booktitle                = {International Workshop on Mining Graphs, Trees and Sequences},
  Year                     = {2003}
}

@InProceedings{Rio+2016,
  Title                    = {{ABRA:} {A}pproximating Betweenness Centrality in Static and Dynamic Graphs with Rademacher Averages},
  Author                   = {Riondato, M. and Upfal, E.},
  Booktitle                = {ACM SIGKDD International Conference on Knowledge Discovery and Data Mining},
  Year                     = {2016},
  Pages                    = {1145--1154}
}

@Article{Rud+2012,
  Title                    = {Enumeration of 166 Billion Organic Small Molecules in the Chemical Universe Database GDB-17},
  Author                   = {Ruddigkeit, L. and van Deursen, R. and Blum, L. C. and Reymond, J.-L.},
  Journal                  = {Journal of Chemical Information and Modeling},
  note = {ACS},
  Year                     = {2012},
  Pages                    = {2864-75},
  Volume                   = {52 11}
}

@Article{Sca+2009,
  Title                    = {The Graph Neural Network Model},
  Author                   = {Scarselli, F. and Gori, M. and Tsoi, A. C. and Hagenbuchner, M. and Monfardini, G.},
  Journal                  = {IEEE Transactions on Neural Networks},
  Year                     = {2009},
  Number                   = {1},
  Pages                    = {61--80},
  Volume                   = {20},

  Keywords                 = {deep}
}

@Article{Sca+2009a,
  Title                    = {Computational Capabilities of Graph Neural Networks},
  Author                   = {Scarselli, F. and Gori, M. and Tsoi, A. C. and Hagenbuchner, M. and Monfardini, G.},
  Journal                  = {IEEE Transactions on Neural Networks},
  Year                     = {2009},
  Number                   = {1},
  Pages                    = {81--102},
  Volume                   = {20},
  Keywords                 = {deep}
}

@InProceedings{Sch+2017,
  Title                    = {{SchNet}: A Continuous-Filter Convolutional Neural Network for Modeling Quantum Interactions},
  Author                   = {Sch{\"{u}}tt, K. and Kindermans, P. J. and Sauceda, H. E. and Chmiela, S. and Tkatchenko, A. and M{\"{u}}ller, K. R.},
  Booktitle                = {Advances in Neural Information Processing Systems},
  publisher = {NIPS},
  Year                     = {2017},
  Pages                    = {992--1002},

  Keywords                 = {deep}
}

@InProceedings{Sev+2012,
  Title                    = {Support Vector Machine for Large Databases as Classifier},
  Author                   = {Sevakula, R. K. and Verma, N. K.},
  Booktitle                = {SEMCCO},
  series    = {Lecture Notes in Computer Science},
    volume    = {7677},
  publisher = {Springer},
  Year                     = {2012}
}

@Book{Sha+2014,
  Title                    = {Understanding Machine Learning: {F}rom Theory to Algorithms},
  Author                   = {Shalev-Shwartz, S. and Ben-David, S.},
  Publisher                = {Cambridge University Press},
  Year                     = {2014}
}

@PhdThesis{She+2012,
  author   = {Shervashidze, N.},
  title    = {Scalable graph kernels},
  school   = {Eberhard Karls Universit\"{a}t T\"{u}bingen},
  year     = {2012},
  type     = {PhD~thesis},
  keywords = {kernel},
}

@Article{She+2011,
  Title                    = {Weisfeiler-{L}ehman Graph Kernels},
  Author                   = {Shervashidze, N. and Schweitzer, P. and van Leeuwen, E. J. and Mehlhorn, K. and Borgwardt, K. M.},
  Journal                  = {Journal of Machine Learning Research},
  Year                     = {2011},
  Pages                    = {2539--2561},
  Volume                   = {12}
}

@Article{Shervashidze2011,
  Title                    = {Weisfeiler-{L}ehman Graph Kernels},
  Author                   = {Shervashidze, N. and Schweitzer, P. and van Leeuwen, E. J. and Mehlhorn, K. and Borgwardt, K. M.},
  Journal                  = {PMLR},
  Year                     = {2011},
  Pages                    = {2539--2561},
  Volume                   = {12},

  __markedentry            = {[morris:6]},
  Keywords                 = {kernel}
}

@Article{Shervashidze2011a,
  Title                    = {Weisfeiler-{L}ehman Graph Kernels},
  Author                   = {Shervashidze, N. and Schweitzer, P. and van Leeuwen, E. J. and Mehlhorn, K. and Borgwardt, K. M.},
  Journal                  = {PMLR},
  Year                     = {2011},
  Pages                    = {2539--2561},
  Volume                   = {12},

  Keywords                 = {kernel}
}

@InProceedings{She+2009,
  Title                    = {Efficient Graphlet Kernels for Large Graph Comparison},
  Author                   = {Shervashidze, N. and Vishwanathan, S.~V.~N. and Petri, T. H. and Mehlhorn, K. and Borgwardt, K. M.},
  Booktitle                = {International Conference on Artificial Intelligence and Statistics},
  Year                     = {2009},
  publisher = {PMLR},
  Pages                    = {488--495}
}

@InProceedings{Shervashidze2009,
  Title                    = {Efficient Graphlet Kernels for Large Graph Comparison},
  Author                   = {Shervashidze, N. and Vishwanathan, S.~V.~N. and Petri, T. H. and Mehlhorn, K. and Borgwardt, K. M.},
  Booktitle                = {International Conference on Artificial Intelligence and Statistics},
  Year                     = {2009},
  Pages                    = {488--495},

  Keywords                 = {kernel}
}

@InProceedings{Sim+2017,
  Title                    = {Dynamic Edge-Conditioned Filters in Convolutional Neural Networks
 on Graphs},
  Author                   = {Simonovsky, M. and Komodakis, N.},
  Booktitle                = {IEEE Conference on Computer Vision and Pattern Recognition},
  Year                     = {2017},
  Pages                    = {29--38},

  Keywords                 = {deep}
}

@Book{Ste+2008,
  Title                    = {Support Vector Machines},
  Author                   = {Steinwart, I. and Christmann, A.},
  Publisher                = {Springer},
  Year                     = {2008},

  Address                  = {New York},
  Series                   = {Information Science and Statistics}
}

@InProceedings{Su+2016,
  Title                    = {A fast Kernel for Attributed Graphs},
  Author                   = {Y. Su and F. Han and R. E. Harang and X. Yan},
  Booktitle                = {SIAM International Conference on Data Mining},
  publisher={SIAM},
  Year                     = {2016},
  Pages                    = {486-494},

  __markedentry            = {[morris:6]},
  Keywords                 = {kernel}
}

@InProceedings{Su2016,
  Title                    = {A fast Kernel for Attributed Graphs},
  Author                   = {Y. Su and F. Han and R. E. Harang and X. Yan},
  Booktitle                = {SIAM International Conference on Data Mining},
  Year                     = {2016}
}

@InProceedings{Sug+2015,
  Title                    = {Halting in Random Walk Kernels},
  Author                   = {Sugiyama, M. and Borgwardt, K. M.},
  Booktitle                = {Advances in Neural Information Processing Systems},
  publisher= {NIPS},
  Year                     = {2015},
  Pages                    = {1639--1647}
}

@InProceedings{Sugiyama2015,
  Title                    = {Halting in Random Walk Kernels},
  Author                   = {Sugiyama, M. and Borgwardt, K. M.},
  Booktitle                = {Advances in Neural Information Processing Systems},
  Year                     = {2015},
  Pages                    = {1639--1647},

  __markedentry            = {[morris:6]},
  Keywords                 = {kernel}
}

@Article{Sut+2003,
  Title                    = {Spline-Fitting with a Genetic Algorithm: {A} Method for Developing Classification Structure-Activity Relationships},
  Author                   = {Sutherland, J. J. and O'Brien, L. A. and Weaver, D. F.},
  Journal                  = {Journal of Chemical Information and Computer Sciences},
  Year                     = {2003},
  Number                   = {6},
  Pages                    = {1906--1915},
  Volume                   = {43}
}

@Article{Swa+2005,
  Title                    = {Kernels for small molecules and the prediction of mutagenicity, toxicity and anti-cancer activity},
  Author                   = {Swamidass, S. J. and Chen, J. and Bruand, Jo. and Phung, P. and Ralaivola, L. and Baldi, P.},
  Journal                  = {Bioinformatics},
  Year                     = {2005},
  Number                   = {Suppl 1},
  Pages                    = {i359-i368},
  Volume                   = {21},

  Keywords                 = {kernel}
}

@InProceedings{Vel+2018,
  Title                    = {Graph Attention Networks},
  Author                   = {Veličković, P. and Cucurull, G. and Casanova, A. and Romero, and A. Liò, P. Bengio, Y.},
  Booktitle                = {International Conference on Learning Representations},
  Year                     = {2018},

  Keywords                 = {deep},
  Owner                    = {chris},
  Timestamp                = {2018.02.26}
}

@InProceedings{Velickovic2018,
  author    = {Veličković, P. and Cucurull, G. and Casanova, A. and Romero, and A. Liò, P. Bengio, Y.},
  title     = {Graph Attention Networks},
  booktitle = {International Conference on Learning Representations},
  year      = {2018},
  keywords  = {deep},
  owner     = {chris},
  timestamp = {2018.02.26},
}


@InProceedings{Kli+2020,
	Title                    = {Directional Message Passing for Molecular Graphs},
	Author                   = {J. Klicpera, J. Groß, S. Günnemann},
	Booktitle                = {International Conference on Learning Representations},
	Year                     = {2020}
}





@Article{Vis+2010,
  Title                    = {Graph Kernels},
  Author                   = {Vishwanathan, S.~V.~N. and Schraudolph, N. N. and Kondor, R. and Borgwardt, K. M.},
  Journal                  = {Journal of Machine Learning Research},
  Year                     = {2010},
  Pages                    = {1201--1242},
  Volume                   = {11}
}

@Article{Vishwanathan2010,
  Title                    = {Graph Kernels},
  Author                   = {Vishwanathan, S.~V.~N. and Schraudolph, N. N. and Kondor, R. and Borgwardt, K. M.},
  Journal                  = {Journal of Machine Learning Research},
  Year                     = {2010},
  Pages                    = {1201--1242},
  Volume                   = {11}
}

@Article{Vishwanathan2010a,
  Title                    = {Graph Kernels},
  Author                   = {Vishwanathan, S. V. N. and Schraudolph, N. N. and Kondor, R. and Borgwardt, K. M.},
  Journal                  = {Journal of Machine Learning Research},
  Year                     = {2010},
  Pages                    = {1201--1242},
  Volume                   = {11},

  Keywords                 = {kernel}
}

@Article{Wal+2008,
  Title                    = {Comparison of descriptor spaces for chemical compound retrieval and classification},
  Author                   = {N. Wale and I. A. Watson and G. Karypis},
  Journal                  = {Knowledge and Information Systems},
  Year                     = {2008},
  Number                   = {3},
  Pages                    = {347--375},
  Volume                   = {14},

  __markedentry            = {[morris:6]},
  Keywords                 = {kernel}
}

@InProceedings{Wan+2018,
  Title                    = {GraphGAN: Graph Representation Learning with Generative Adversarial Nets},
  Author                   = {Wang, H. and Wang, J. and Wang, J. and Zhao, M. and Zhang, W. and Zhang, F. and Xie, X. Guo, M.},
  Booktitle                = {AAAI Conference on Artificial Intelligence},
  Year                     = {2018},

  Keywords                 = {deep},
  Owner                    = {chris},
  Timestamp                = {2018.01.26}
}

@InProceedings{Wan+2018b,
  Title                    = {NerveNet: Learning Structured Policy with Graph Neural Networks},
  Author                   = {Wang, T. and Liao, R. and Ba, J. and Fidler, S.},
  Booktitle                = {International Conference on Learning Representations},
  Year                     = {2018},

  Keywords                 = {deep},
  Owner                    = {chris},
  Timestamp                = {2018.02.26}
}

@Article{Wang2018,
  Title                    = {Dynamic Graph {{CNN}} for Learning on Point Clouds},
  Author                   = {Wang, Y. and Sun, Y. and Liu, Z. and Sarma, S. E. and Bronstein, M. M. and Solomon, J. M.},
  Journal                  = {CoRR},
  Year                     = {2018},
  Volume                   = {abs/1801.07829}
}

@Article{Wat+1998,
  Title                    = {Collective dynamics of ’small-world’networks},
  Author                   = {Watts, Duncan J and Strogatz, Steven H},
  Journal                  = {Nature},
  Year                     = {1998},
  Number                   = {6684},
  Pages                    = {440},
  Volume                   = {393}
}

@InProceedings{Wei+2009,
  Title                    = {Feature Hashing for Large Scale Multitask Learning},
  Author                   = {Weinberger, K. and Dasgupta, A. and Langford, J. and Smola, A. J. and Attenberg, J.},
  Booktitle                = {Annual International Conference on Machine Learning},
  Year                     = {2009}
}

@Article{Wu+2018,
  Title                    = {MoleculeNet: a benchmark for molecular machine learning},
  Author                   = {Wu, Z. and Ramsundar, B. and Feinberg, E. N. and Gomes, J. and Geniesse, C. and Pappu, A. S. and Leswing, K. and Pande, V.},
  Journal                  = {Chemical Science},
  Year                     = {2018},
  Pages                    = {513--530},
  Volume                   = {9},

  Issue                    = {2}
}

@InProceedings{Xu+2018,
  Title                    = {Representation Learning on Graphs with Jumping Knowledge Networks},
  Author                   = {Xu, K. and Li, C. and Tian, Y. and Sonobe, T. and Kawarabayashi, K. and Jegelka, S.},
  Booktitle                = {International Conference on Machine Learning},
  Year                     = {2018},
  Pages                    = {5453--5462}
}

@InProceedings{Yan+2015,
  Title                    = {A Structural Smoothing Framework For Robust Graph Comparison},
  Author                   = {Yanardag, P. and Vishwanathan, S.~V.~N.},
  Booktitle                = {Advances in Neural Information Processing Systems},
  publisher = {NIPS},
  Year                     = {2015},
  Pages                    = {2125--2133}
}

@InProceedings{Yan+2015a,
  Title                    = {Deep Graph Kernels},
  Author                   = {Yanardag, P. and Vishwanathan, S.~V.~N.},
  Booktitle                = {ACM SIGKDD International Conference on Knowledge Discovery and Data Mining},
    publisher = {ACM},
  Year                     = {2015},
  Pages                    = {1365--1374}
}

@InProceedings{Yanardag2015,
  Title                    = {Deep Graph Kernels},
  Author                   = {Yanardag, P. and Vishwanathan, S. V. N.},
  Booktitle                = {ACM SIGKDD International Conference on Knowledge Discovery and Data Mining},
  Year                     = {2015},
  Pages                    = {1365--1374},

  Keywords                 = {kernel}
}

@INPROCEEDINGS{Nar+2016,
	author={A. {Narayanan} and G. {Meng} and L. {Yang} and J. {Liu} and L. {Chen}},
	booktitle={International Joint Conference on Neural Networks},
	title={Contextual Weisfeiler-Lehman graph kernel for malware detection},
	year={2016},
	volume={},
	number={},
	pages={4701-4708}}

@InProceedings{Yanardag2015a,
  Title                    = {A Structural Smoothing Framework For Robust Graph Comparison},
  Author                   = {Yanardag, P. and Vishwanathan, S. V. N.},
  Booktitle                = {Advances in Neural Information Processing Systems},
  Year                     = {2015},
  Pages                    = {2134--2142},

  Keywords                 = {kernel}
}

@InProceedings{Yao+2015,
  Title                    = {Scalable classification for large dynamic networks},
  Author                   = {Y. Yao and L. B. Holder},
  Booktitle                = {IEEE International Conference on Big Data},
  Year                     = {2015},
  Pages                    = {609-618}
}

@InProceedings{Yao+2014,
  Title                    = {Scalable {SVM}-Based Classification in Dynamic Graphs},
  Author                   = {Y. Yao and L. B. Holder},
  Booktitle                = {IEEE International Conference on Data Mining},
  Year                     = {2014},
  Pages                    = {650--659}
}

@InProceedings{Yi+2017,
  Title                    = {SyncSpecCNN: Synchronized Spectral CNN for 3D Shape Segmentation},
  Author                   = {Yi, L. and Su, H. and Guo, H. and Guibas, L.},
  Booktitle                = {IEEE Conference on Computer Vision and Pattern Recognition},
  Year                     = {2017},
  Pages                    = {6584--6592},

  Keywords                 = {deep}
}

@InProceedings{Yin+2018a,
  Title                    = {Graph Convolutional Neural Networks for Web-Scale Recommender Systems},
  Author                   = {Ying, R. and He, R. and Chen, K. and Eksombatchai, P. and Hamilton, W. L. and Leskovec, J.},
  Booktitle                  = {ACM SIGKDD International Conference on Knowledge Discovery and Data Mining},
  Year                     = {2018}
}

@InProceedings{Yin+2018,
  Title                    = {Hierarchical Graph Representation Learning with Differentiable Pooling},
  Author                   = {Ying, R. and
 You, J. and
 Morris, C. and
 Ren, X. and
 Hamilton, W. L. and Leskovec, J.},
  Booktitle                = {Advances in Neural Information Processing Systems},
  Year                     = {2018},
  Pages                    = {4800--4810}
}

@Article{Yu2002,
  Title                    = {Kernel Nearest-Neighbor Algorithm},
  Author                   = {Yu, K. and Ji, L. and Zhang, X.},
  Journal                  = {Neural Processing Letters},
  note = {Springer},
  Year                     = {2002},
  Number                   = {2},
  Pages                    = {147--156},
  Volume                   = {15}
}

@InProceedings{Zug+2018,
  Title                    = {Adversarial Attacks on Neural Networks for Graph Data},
  Author                   = {Z{\"u}gner, D. and Akbarnejad, A, and G{\"u}nnemann, S.},
  Booktitle                = {ACM SIGKDD International Conference on Knowledge Discovery and Data Mining},
  Year                     = {2018}
}

@inproceedings{Mur+2019,
	author    = {R. L. Murphy and
	B. Srinivasan and
	V. A. Rao and
	B. Ribeiro},
	title     = {Janossy Pooling: Learning Deep Permutation-Invariant Functions for
	Variable-Size Inputs},
	booktitle = {International Conference on Learning Representations},
	year      = {2019}
}


@inproceedings{Vries13,
	author    = {G. K. D. de Vries},
	title     = {A Fast Approximation of the Weisfeiler-Lehman Graph Kernel for {RDF}
	Data},
	booktitle = {European Conference on Machine Learning and Knowledge Discovery in Databases},
	pages     = {606--621},
	year      = {2013}
}
@InProceedings{Ren+2020,
	Title                    = {Query2box: Reasoning over Knowledge Graphs in Vector Space Using Box Embeddingss},
	Author                   = {H. Ren, W. Hu, J. Leskovec},
	Booktitle                = {International Conference on Learning Representations},
	Year                     = {2020},
	Keywords                 = {deep}
}

@InProceedings{Li+2019b,
  author    = {Z. Li and Q. Chen and V. Koltun},
  title     = {Combinatorial Optimization with Graph Convolutional Networks and Guided Tree Search},
  booktitle = {Advances in Neural Information Processing Systems},
  year      = {2018},
  pages     = {537--546},
}

@inproceedings{Rap+2017,
	author    = {D. Raposo and
	A. Santoro and
	D. G. T. Barrett and
	R. Pascanu and
	T. Lillicrap and
	P W. Battaglia},
	title     = {Discovering objects and their relations from entangled scene representations},
	booktitle = {International Conference on Learning Representations},
	year      = {2017},
}

@InProceedings{Zha+2017,
  Title                    = {{Weisfeiler-Lehman} Neural Machine for Link Prediction},
  Author                   = {Zhang, M. and Chen, Y.},
  Booktitle                = {ACM SIGKDD International Conference on Knowledge Discovery and Data Mining},
  Year                     = {2017},
  Pages                    = {575--583}
}

@InProceedings{Zha+2018,
  Title                    = {An End-to-End Deep Learning Architecture for Graph Classification},
  Author                   = {Zhang, M. and Cui, Z. and Neumann, M. and Yixin, C.},
  Booktitle                = {AAAI Conference on Artificial Intelligence},
  Year                     = {2018},
  Pages                    = {4428--4435},

  Keywords                 = {deep},
  Owner                    = {morris},
  Timestamp                = {2018.01.04}
}

@Book{Zol1986,
  Title                    = {One-dimensional stable distributions},
  Author                   = {Zolotarev, V. M.},

  Year                     = {1986},

  Address                  = {Providence, RI},
  Series                   = {Translations of mathematical monographs}
}

@book{Wei+1976,
  title={On Construction and Identification of Graphs},
  author={Weisfeiler, B.},
  series={Lecture Notes in Mathematics, Vol. 558},
  year={1976},
  publisher={Springer}
}

@Article{Wei+1968,
  Title                    = {The reduction of a graph to canonical form
and the algebra which
    appears therein},
  Author                   = {B.~Weisfeiler and A.~Leman.},
  Journal                  = {Nauchno-Technicheskaya Informatsia},
  note = {English translation by G. Ryabov is available at
    \url{https://www.iti.zcu.cz/wl2018/pdf/wl_paper_translation.pdf}},
  Year                     = {1968},
  Pages                    = {12--16},
  volume                   = {2},
  number = {9}
}

@InProceedings{Qi+2017b,
  Title                    = {{PointNet++}: Deep Hierarchical Feature Learning on Point Sets in a Metric Space},
  Author                   = {Qi, C. R. and Yi, L. and Su, H. and Guibas, L. J.},
  booktitle = {Advances in Neural Information Processing Systems},
  Year                     = {2017},
  Pages                    = {5105--5114},
}

@inproceedings{Qi+2017a,
  title={{PointNet}: Deep Learning on Point Sets for {3D} Classification and Segmentation},
  Author                   = {Qi, C. R. and and Su, H. and Mo, K. and Guibas, L. J.},
  year = {2017},
  pages = {77-85},
  Booktitle                = {IEEE Conference on Computer Vision and Pattern Recognition}
}

@inproceedings{Liao+2019,
  title={Efficient Graph Generation with Graph Recurrent Attention Networks},
  author={Liao, R. and Li, Y. and Song, Y. and Wang, S. and Nash, C. and Hamilton, W. L. and Duvenaud, D. and Urtasun, Q. and Zemel, R.},
  booktitle={NeurIPS},
  year={2019}
}

@inproceedings{You+2018,
  title={{GraphRNN}: Generating Realistic Graphs with Deep Auto-regressive Models},
  author={You, J. and Ying, R. and Hamilton, W. L. and Leskovec, J.},
  booktitle = {International Conference on Machine Learning},
  year={2018}
}

@article{DeCao+2018,
  title={{MolGAN}: An implicit generative model for small molecular graphs},
  author={De Cao, N. and Kipf, T.},
  journal={ICML 2018 Workshop},
  year={2018}
}

@inproceedings{Simonovsky+2018,
  author    = {Simonovsky, M. and Komodakis, N.},
  title     = {{GraphVAE}: Towards Generation of Small Graphs Using Variational Autoencoders},
  booktitle = {Artificial Neural Networks and Machine Learning},
  pages     = {412--422},
  year      = {2018},
}

@Comment{jabref-meta: databaseType:bibtex;}
